2018 2952
533 168 611 218 ,ιφ
1060 172 1120 203 20·
1140 157 1254 215 Junii
1277 165 1395 211 1767:

524 219 693 258 vianurn
708 237 722 260 ,
743 214 814 267 qui
834 211 939 254 illud
957 212 1137 256 obtinuit
1156 239 1169 260 ‚
1192 214 1341 254 Virum
1359 213 1474 255 fuiffe
1493 216 1669 264 pietate,
1684 217 1859 268 religio·-

527 282 611 314 ne,
642 280 687 311 ac
704 267 781 306 fide
801 267 1020 315 infignem:
1051 265 1161 310 Pieri
1177 266 1345 319 quidem
1378 267 1580 316 potuisse,
1611 280 1656 310 ut
1683 272 1730 309 ab
1759 272 1854 311 aliis

527 320 817 369 deciperetur,
850 318 890 358 id
905 326 1043 361 tamen
1064 329 1137 359 nec
1160 327 1320 359 temere
1349 320 1669 369 praesumendum
1686 349 1698 369 ‚
1715 335 1847 372 neque

526 372 810 418 affirmandum
824 395 838 415 ,
869 370 940 410 nisi
960 369 1174 418 perspicua:
1190 372 1450 419 probationes
1480 373 1703 415 afferantur
1717 400 1730 419 ‚
1761 376 1850 414 R'ot.

525 439 644 466 coram
658 423 850 463 falconem
865 424 926 462 tit.
948 424 993 460 de
1011 423 1159 472 Testam.
1176 425 1284 473 dectss
1299 438 1310 461 1
1322 437 1355 467 3.
1374 437 1540 466 nuffar.
1560 450 1574 470 ,
1604 431 1645 470 ὠ·
1662 433 1699 465 fn
1717 430 1852 467 Roma-

524 492 571 517 na
588 478 802 527 Testamenti
816 489 855 522 9.
874 474 987 524 Juni}
1009 488 1122 525 1742.
1141 476 1178 526 ξ.
1200 490 1214 513 1
1226 491 1257 518 2.
1277 490 1394 517 coram
1409 478 1456 519 cl.
1475 491 1576 518 mem.
1608 481 1720 519 Card.
1751 481 1851 519 Mil-

523 532 595 570 lino
614 541 624 571 ;
656 529 759 568 Rem
780 528 937 576 insuper
953 525 1028 567 effe
1045 528 1094 566 de
1110 528 1240 577 gratia
1257 530 1338 575 jam
1358 530 1555 575 concessa,
1573 531 1610 573 8<
1627 532 1675 570 ab
1692 532 1849 580 Episco-

522 595 573 634 po
592 581 822 623 Faventino
839 581 922 629 vifis
941 582 1113 621 videndis
1133 607 1145 626 ,
1166 584 1208 625 ξφ
1225 582 1454 630 constdcratis
1471 584 1731 634 confiderandis
1751 596 1846 624 exe-

524 632 716 685 quutioni
730 632 883 673 tradita
899 657 912 678 ‚
927 641 1053 682 atque
1074 645 1144 681 per
1160 634 1295 681 plures
1312 645 1439 674 annos
1467 635 1634 684 pacifice
1662 635 1848 676 observa-

522 695 564 726 ta
578 711 591 731 ‚
608 693 651 727 ut
669 685 836 734 proinde
857 685 1010 727 nonnifi
1026 685 1259 725 firmiffimis
1280 688 1536 736 argumentis
1555 688 1673 734 poffit
1695 689 1848 733 everti,

522 740 608 787 Cap.
627 738 746 776 Decet
763 740 807 776 de
822 751 895 786 reg.
906 737 987 789 jur.
1002 741 1042 777 in
1057 742 1096 775 6.
1115 740 1198 786 Cap.
1214 741 1261 776 Si
1276 744 1334 777 cui
1361 740 1405 777 cle
1421 742 1620 789 prebendis
1640 744 1677 777 in
1692 744 1727 779 6.
1750 739 1845 778 Rota

519 793 558 828 in
572 792 733 828 Romana
745 791 981 841 Eleemosynae
1002 802 1061 829 12:
1080 789 1260 840 ‘Jauuarii
1293 797 1405 837 1736.
1436 801 1476 836 ς.
1496 793 1696 842 Perper-am
1728 805 1846 833 coram

524 845 668 888 Nunez
688 872 698 885 ,

469 895 671 939 Praeterea
687 896 864 935 constare
882 895 1060 935 afferunt
1075 908 1120 935 ex
1138 897 1275 942 jurata
1295 897 1500 937 relatione
1529 896 1704 939 duorum
1737 897 1839 936 artis

517 946 680 996 agraria:
701 947 935 989 Peritorum
954 974 966 993 ,
999 961 1168 999 quarum
1186 951 1315 991 altera
1335 962 1438 989 anno
1460 954 1576 996 1760·
1600 949 1773 998 supplici
1792 950 1842 988 li-

518 998 628 1037 bello
645 997 727 1039 fuit
740 1000 1114 1044 extrajudicialiter
1132 1001 1321 1047 adjuncta
1338 1028 1350 1047 ,
1369 1004 1499 1041 altera
1514 999 1614 1047 iussn
1647 1001 1834 1050 Episcopi

522 1050 740 1090 Faventini
772 1061 878 1090 anno
904 1058 1016 1098 1761.
1044 1053 1302 1098 judicialiter
1331 1054 1518 1094 confecta
1538 1080 1550 1100 ‚
1581 1053 1832 1100 Capeliani-x

514 1100 786 1144 latifundium
802 1101 916 1144 fuiffe
945 1113 1043 1143 tunc
1074 1107 1272 1155 temporis
1303 1108 1561 1156 negligenter
1588 1106 1802 1146 excultum
1820 1131 1832 1150 ‚

517 1161 643 1204 atque
661 1153 718 1195 ita
735 1154 919 1197 deterius
940 1156 1130 1197 effectum
1147 1182 1160 1202 ‚
1178 1168 1223 1197 ut
1242 1158 1379 1198 eidem
1399 1158 1621 1208 reparando
1654 1159 1836 1207 impensa

519 1206 619 1246 scut.
634 1206 805 1245 circiter
817 1221 882 1254 90.
902 1206 1039 1250 fuisset
1056 1209 1300 1249 necessaria:
1331 1212 1520 1250 Constare
1542 1212 1645 1249 item
1667 1222 1714 1248 ex
1731 1211 1838 1248 rela-

519 1257 634 1298 tione
662 1257 882 1299 Fabrorum
919 1262 1191 1302 murariorum
1224 1264 1273 1303 de
1301 1265 1466 1303 rninolis
1501 1263 1643 1310 prcedii
1673 1263 1836 1306 xdibus‚

518 1310 657 1359 cisque
676 1312 938 1353 restaurandis
958 1315 1154 1354 summam
1171 1317 1324 1366 requiri
1340 1317 1439 1357 scut.
1455 1320 1547 1364 460.
1567 1341 1580 1360 ‚
1600 1315 1839 1363 nullamque

519 1360 693 1401 afferunt
712 1364 935 1404 habendam
951 1364 1029 1404 esse
1060 1368 1262 1407 rationem
1290 1369 1340 1407 de
1370 1368 1520 1409 Peritis
1538 1393 1550 1411 ,
1577 1369 1646 1417 qui
1679 1374 1846 1406 contra-

518 1413 624 1454 rium
640 1414 809 1454 asserere
827 1417 904 1457 ausi
923 1417 1012 1457 sunt
1030 1444 1042 1462 ‚
1071 1428 1160 1459 tum
1178 1421 1271 1470 quia
1287 1419 1619 1466 ex-trajudiciales
1653 1420 1741 1458 sunt
1758 1441 1771 1460 2
1803 1418 1841 1458 Sc

517 1475 688 1503 numero
707 1470 920 1511 pauciores
938 1494 951 1513 ,
978 1478 1068 1509 tum
1084 1472 1178 1520 quia
1193 1471 1244 1510 de
1273 1473 1488 1511 mendacio
1519 1470 1841 1513 convincuntur,

516 1517 604 1555 Rot.
623 1531 739 1555 coram
753 1518 910 1558 Molines
928 1522 1133 1570 decifi480.
1157 1537 1292 1562 num.2.
1316 1535 1403 1563 t0.2.
1424 1548 1436 1566 ‚
1470 1527 1513 1567 ὠ·
1528 1536 1642 1564 coram
1673 1524 1840 1561 Zancett·

518 1569 726 1616 decifi332,
745 1584 913 1613 numm.
934 1573 985 1610 Et
1003 1587 1144 1613 revera
1162 1575 1374 1616 Comitem
1396 1576 1672 1614 Osiavianum
1704 1575 1839 1621 plures

516 1620 657 1658 ,feciffe
673 1622 856 1669 sumptus
876 1647 888 1666 ‚
922 1632 967 1661 ut
984 1627 1147 1663 meliori
1166 1627 1328 1665 cultura
1347 1627 1543 1674 praedium
1559 1625 1836 1669 excoleretur,

514 1684 560 1710 ac
579 1671 795 1712 domorum
815 1685 1101 1721 repararentur
1117 1676 1240 1715 ruinae
1256 1702 1268 1721 ‚
1285 1677 1469 1725 depromi
1489 1687 1534 1714 ex
1554 1675 1838 1715 testificatione

516 1723 750 1766 Peritorum
770 1725 828 1763 rei
844 1725 1044 1775 Agrariae‚
1060 1729 1098 1768 δε
1112 1740 1159 1768 ex
1176 1729 1409 1771 Architesti
1424 1755 1439 1774 ν,
1455 1730 1492 1768 &
1513 1727 1729 1766 Fabrorum
1747 1740 1838 1768 mu·

522 1774 722 1817 rariorum
741 1777 986 1818 testimoniis
1003 1809 1013 1818 .

463 1828 651 1872 Constare
673 1827 833 1875 insuper
860 1830 910 1869 de
934 1830 1250 1878 Capellanorum
1283 1832 1530 1879 impotentia
1561 1830 1609 1869 ad
1634 1831 1824 1877 expensas

513 1879 760 1918 subeundas:
790 1880 907 1920 Hanc
925 1893 971 1920 ex
1005 1881 1242 1924 Testatricis
1275 1884 1534 1931 dispositione
1561 1883 1832 1931 deprehendi,

512 1943 594 1980 quae
609 1929 851 1979 Capellanos
871 1943 1066 1982 pauperes
1084 1961 1096 1980 ,
1114 1938 1299 1986 quamvis
1318 1936 1473 1974 nobiles
1489 1935 1587 1983 eligi
1604 1934 1833 1973 mandavit:

515 1983 709 2030 Sumptus
726 1997 823 2023 vero
842 1996 915 2024 nec
934 1986 1118 2026 modicos
1139 1986 1257 2028 fuisse
1274 2015 1287 2033 ‚
1303 2001 1427 2038 quum
1455 1988 1567 2025 scuta
1587 2000 1672 2030 500-
1689 1987 1727 2024 in
1744 1997 1836 2025 eam

513 2035 674 2074 causam
692 2037 999 2086 requirerentur
1017 2062 1030 2082 ‚
1059 2052 1133 2078 nec
1147 2041 1344 2088 paulatim
1360 2039 1448 2080 fieri
1467 2038 1637 2086 potuisse
1654 2064 1665 2083 ‚
1684 2049 1836 2088 quum„

515 2086 705 2136 expedita
726 2098 887 2137 urgeret
910 2091 1055 2131 aedium
1077 2094 1281 2138 reaptatio
1300 2119 1312 2138 ,
1343 2093 1380 2132 δε
1407 2091 1547 2140 praedii
1563 2093 1726 2130 cultura
1742 2114 1754 2133 ³
1784 2102 1835 2130 ne

513 2139 554 2178 in
573 2140 708 2178 multo
724 2140 907 2182 deterius
924 2143 1083 2188 abiret,
1100 2144 1255 2183 differri
1273 2156 1350 2185 non
1365 2141 1492 2191 poffet
1509 2173 1518 2185 ,
1551 2142 1594 2182 In
1609 2145 1678 2183 has
1693 2151 1833 2182 autem

514 2192 704 2239 expensas
721 2204 964 2234 concurrere
985 2195 1154 2237 noluisse
1172 2196 1425 2237 Canonicum
1456 2195 1640 2235 Severoli
1659 2220 1672 2239 ,
1698 2195 1736 2233 Sc
1752 2195 1837 2232 Ab·

514 2244 652 2283 batem
685 2243 735 2282 de
766 2245 857 2284 Aste
877 2271 890 2290 ‚
924 2248 1110 2296 quamvis
1136 2248 1204 2287 iste
1235 2256 1422 2297 paratum
1435 2247 1476 2286 se
1486 2245 1722 2286 exhibuerit
1759 2260 1835 2285 ςπ-

515 2303 624 2383 {eras
656 2296 834 2338 minores
850 2299 1039 2348 expensas
1056 2310 1140 2348 ,pro
1170 2300 1479 2343 conservatione
1510 2298 1648 2348 praedii
1682 2299 1837 2337 coutri-

544 2359 641 2389 uere
656 2377 666 2388 .

464 2399 785 2447 Capellanorum
801 2402 960 2452 insuper
979 2401 1270 2453 impotentiam
1287 2415 1332 2443 ex
1347 2401 1522 2442 modicis
1551 2402 1689 2451 praedii
1721 2404 1832 2442 redi-

516 2451 623 2490 tibus
644 2453 781 2495 evinci
802 2467 811 2494 ε
842 2455 936 2501 Ejus
953 2457 1267 2504 amplitudinem
1282 2454 1386 2495 haud
1418 2454 1615 2493 excedere
1647 2463 1829 2494 tornatu-

515 2514 576 2540 ras
594 2504 832 2554 quindecim
849 2531 862 2550 ‚
876 2516 921 2546 ut
938 2508 1052 2547 Artis
1068 2508 1246 2559 Agrariae
1265 2506 1392 2547 Periti
1408 2507 1642 2545 retulerunt
1659 2536 1667 2545 .
1685 2507 1830 2557 Singu-

514 2554 646 2610 larum
664 2569 761 2596 vero
780 2559 1106 2600 Tornaturarum
1123 2560 1299 2609 pretium
1321 2557 1560 2597 eorumdem
1595 2557 1829 2598 Peritorum

513 2605 748 2648 testimonio
763 2612 978 2659 probatum
993 2612 1041 2653 ad
1066 2615 1175 2655 scuta
1195 2617 1254 2650 80.
1270 2610 1335 2649 vix
1365 2610 1607 2649 ascendere:
1638 2611 1731 2650 hinc
1764 2619 1830 2650 to·—

507 2657 589 2698 tius
606 2659 744 2705 praedii
761 2665 945 2703 valorem
960 2663 1189 2712 computari
1208 2663 1334 2700 scutis
1348 2661 1515 2702 circiter
1535 2677 1549 2700 ι
1562 2675 1821 2705 200.‚an1]uoS

512 2721 613 2752 vero
632 2711 788 2753 reditus
806 2714 1004 2757 summam
1021 2717 1087 2758 vix
1105 2715 1309 2766 attingere
1324 2714 1532 2755 scutorum
1551 2727 1614 2761 35.
1634 2716 1745 2761 juxta
1763 2723 1827 2753 tam

1740 2778 1826 2805 >iam
