1986 2957
135 1600 444 1647 Sefr.23.cap.1.

113 1655 157 1697 de
172 1654 333 1699 Reform,

562 133 579 156 2
589 133 634 166 14
1006 131 1018 155 ι
1031 130 1064 155 2.
1084 117 1294 154 Decembris
1313 130 1326 154 1
1337 121 1424 162 767.

547 173 608 208 bas
626 200 635 208 .
661 169 723 206 sit
735 166 897 205 Falanas
917 192 929 212 ,
946 170 1127 216 explorata
1145 172 1265 206 Bertae
1281 170 1467 206 voluntate
1484 192 1496 211 ‚
1528 184 1573 207 an
1584 172 1668 219 casn
1683 197 1695 216 ‚
1726 183 1790 220 quo
1806 184 1872 207 non

551 224 635 271 (ᾔει
652 222 754 269 ipsius
771 222 798 256 C
802 219 912 266 onjux
927 245 939 264 ‚
966 221 1078 257 vellet
1087 222 1157 270 sthi
1175 225 1400 259 matrimonio
1416 222 1525 266 aliter
1547 224 1717 271 copulari,
1735 223 1869 271 respon-

536 276 623 323 sum
641 275 768 309 habuit
786 273 943 321 alsolute
959 278 1166 320 negativum
1182 302 1192 311 .
1220 274 1477 311 Nihilominus
1505 275 1626 312 habita
1645 285 1758 324 nuper
1768 278 1863 311 noti-

547 331 600 364 tia
614 351 626 369 ‚
655 327 747 374 quocl
761 329 857 361 inter
873 325 1132 364 declarationes
1146 327 1343 374 desumptas
1360 339 1405 362 ex
1420 326 1641 364 Bibliotheca
1660 327 1857 366 Carmen-

548 379 693 426 larmini
710 402 722 420 ‚
754 380 796 419 «ὅς’
808 380 897 425 typis
911 378 1090 426 impreffas
1107 380 1154 413 ad
1169 380 1292 425 Cap.1.
1310 379 1519 425 Sefs.24.de
1537 379 1854 426 Refhrmfflatrim.

548 440 650 467 extat
665 430 895 477 infrascripta
924 446 951 465 :
980 432 1083 467 Licet
1101 443 1166 466 non
1179 432 1340 478 proprius
1356 432 1537 468 Parochus
1558 455 1570 474 ,
1596 432 1666 480 sed
1693 433 1784 469 alius
1811 433 1853 468 de

548 482 711 529 consensu
725 482 887 530 Episcopi
903 484 1045 531 intersit
1060 508 1071 525 ,
1102 483 1369 518 matrimonium
1383 492 1479 519 tenet
1490 507 1503 525 ,
1519 484 1653 532 etiamst
1663 485 1852 533 Episcopus

546 536 672 572 credat
691 533 805 580 futſje
831 545 996 572 vocatum
1025 535 1225 571 Parochum
1262 549 1289 570 ..τ
1330 536 1437 582 Spem
1460 535 1617 584 aliquam
1643 537 1853 573 validitatis

547 587 767 629 matrimonii
781 588 938 635 concepit
956 598 965 623 t
986 587 1057 634 fid
1084 586 1133 622 acl
1161 599 1296 635 omnem
1326 587 1546 624 dubietatem
1571 589 1852 626 removendam-a

536 638 757 687 suppliciter
786 638 895 686 instat
919 639 1099 676 declarari
1127 649 1137 674 t
1165 638 1238 676 An
1261 638 1450 686 praefatum
1477 642 1741 678 matrimonium
1770 653 1852 676 con-

548 691 699 727 tranum
723 694 819 726 inter
835 691 949 739 ipsam
966 715 979 734 ‚
999 694 1041 734 ὠ·
1052 692 1199 728 Bertam
1209 690 1329 737 faerit
1344 688 1512 737 validum
1525 705 1539 731 ,-
1557 693 1731 741 rescripstt
1746 703 1755 729 ε
1770 692 1851 738 Af·-

535 742 728 788 firmative
743 770 751 779 .

492 792 550 832 At
566 794 590 831 fi
603 793 721 838 dolo,
753 805 798 832 ac
813 792 951 832 fraude
970 793 1153 832 inductu<
1181 792 1305 831 fuerit
1323 792 1565 833 Ordiuarius
1583 820 1595 839 ,
1625 804 1671 833 ut
1692 796 1848 834 alium-2

544 858 621 883 non
637 845 839 893 proprium
863 844 1083 883 Parochum
1099 846 1311 894 delegaret
1328 870 1340 889 ,
1357 854 1456 884 tunc
1472 859 1542 895 pro
1558 847 1750 887 nullitate
1768 860 1850 885 ma·-

543 896 726 935 trimonii
744 896 1062 945 respondendum
1078 896 1150 936 esse
1166 923 1178 942 ‚
1210 898 1294 934 late
1308 897 1441 935 firmat
1472 901 1565 936 Rota
1595 902 1631 935 in
1647 901 1846 942 Romana.)

543 948 773 986 Matrimonii
789 962 823 991 3,
841 949 941 997 Julii
965 962 1006 994 17
1019 963 1075 995 19.
1106 950 1142 997 ξ.
1159 949 1409 987 Nihilominus
1430 963 1498 988 cor.
1524 953 1640 994 Corn),
1661 954 1751 994 &in
1767 966 1849 990 con-

534 1000 745 1045 firmatoria
766 1015 779 1038 1
793 1003 1051 1047 1.Decemh.17
1063 1004 1272 1047 19.§.Hinc
1285 1010 1414 1050 parum
1430 1004 1611 1047 cor.Eod.,
1631 1007 1672 1046 &¹
1688 1018 1720 1049 7.
1737 1005 1847 1041 Mar—

543 1057 588 1088 tii
608 1066 621 1089 1
631 1066 676 1097 72
687 1068 718 1092 ι.
733 1054 932 1101 §.Cumque
949 1055 1235 1093 cor.Gamaches.

487 1102 611 1143 Hisce
630 1116 704 1151 prae
719 1105 849 1143 oculis
864 1106 1029 1150 habitis,
1043 1105 1261 1155 dignentur
1278 1104 1355 1143 EE.
1370 1104 1459 1146 VV.
1477 1108 1673 1156 perpensis
1684 1108 1844 1153 testium

540 1155 674 1202 diffls,
692 1167 912 1204 eorumque
930 1157 1155 1207 qualitate,
1172 1156 1336 1195 definire

490 1209 557 1246 An
571 1210 696 1258 constet
710 1210 755 1246 de
768 1208 939 1255 nullitate
955 1209 1200 1260 Matrimonii,
1216 1213 1253 1247 in
1268 1211 1348 1256 casu
1363 1211 1436 1262 ᾠέ,

695 1362 900 1415 Negative
915 1394 925 1403 2

581 1574 1004 1616 ALAGURITANA
1047 1576 1482 1617 APPLICATIONIS
1522 1576 1697 1615 MISSAE
1736 1577 1844 1616 PRO

523 1667 539 1669 „
594 1627 821 1666 POPULO
838 1658 847 1667 .
905 1627 1178 1668 Territorium
1199 1631 1368 1675 Ocouii‚
1386 1631 1489 1679 quod
1505 1631 1703 1677 spirituali
1723 1630 1845 1667 subest

537 1678 803 1724 jurisdictioni
821 1680 1005 1728 Episcopi
1040 1682 1315 1731 Calaguritani
1333 1709 1345 1727 ‚
1374 1682 1549 1727 pluribus
1579 1681 1843 1728 componitur

537 1731 655 1780 Pagis
671 1761 680 1769 .
713 1731 754 1768 ln
770 1732 827 1770 eis
846 1732 1096 1771 Parochialis
1115 1744 1226 1772 extat
1251 1735 1422 1772 Ecclcfia
1439 1759 1451 1777 ‚
1471 1745 1512 1770 ac
1528 1746 1597 1778 pro
1618 1733 1844 1771 incolarum

536 1796 705 1822 numero
719 1795 818 1822 unus
837 1810 848 1828 ,
862 1793 930 1822 aut
950 1785 1083 1831 plures
1100 1794 1402 1823 commorantur
1429 1785 1665 1823 Beneficiati
1680 1785 1847 1822 Anima-

537 1847 623 1872 rum
641 1834 790 1873 Curam
808 1844 1044 1874 exercentes
1071 1866 1078 1874 .
1110 1837 1341 1876 Beneficiati
1374 1850 1422 1874 ol.
1444 1848 1512 1874 nes
1544 1848 1668 1874 unum
1702 1838 1845 1874 consti-

539 1894 660 1925 tuunt
676 1887 834 1935 Corpus
851 1912 865 1930 ‚
893 1899 1016 1924 unum
1046 1887 1216 1927 Clerum
1233 1914 1245 1933 ‚
1276 1890 1311 1928 St
1344 1901 1461 1926 unam
1482 1890 1628 1926 habent
1646 1887 1815 1926 Massam
1829 1902 1846 1929 ³·

543 1940 804 1988 quamobrem
834 1938 1069 1977 Beneficiati
1101 1940 1334 1980 Ocouenses
1370 1941 1624 1988 appellantur
1649 1969 1657 1977 .
1705 1940 1845 1987 Dispar

537 1998 674 2032 tamen
690 1990 797 2028 inter
812 1990 913 2037 ipios
940 1991 1098 2028 inve—&a
1124 1994 1175 2030 cst
1204 1992 1407 2031 redituum
1426 1993 1620 2040 partitio,
1651 1993 1844 2036 &justad

538 2041 739 2081 diversam
755 2041 957 2080 fruetuum
981 2042 1300 2083 distributionem
1319 2045 1474 2083 diversa
1494 2045 1545 2083 est
1574 2043 1699 2082 etiam
1723 2043 1845 2082 Bene-

537 2094 765 2132 ficiatorum
781 2093 1062 2134 denominatio
1078 2124 1088 2132 .
1106 2095 1191 2134 Alii
1212 2097 1319 2134 enim
1336 2096 1591 2144 appellantur
1607 2095 1842 2134 beneficiati

536 2145 702 2194 integra:
721 2146 921 2193 portionis
940 2169 952 2187 ‚
981 2146 1051 2189 alii
1069 2146 1248 2186 dimidiae
1266 2174 1278 2192 ‚
1309 2148 1383 2186 alii
1398 2148 1561 2186 demum
1579 2156 1727 2196 quartae
1748 2159 1843 2195 por-

540 2197 664 2234 tionis
679 2227 688 2235 .
718 2198 780 2235 Ac
805 2197 944 2245 primis
959 2198 1123 2248 quidem
1141 2201 1334 2238 tribuitur
1354 2199 1487 2246 portio
1517 2211 1644 2237 annua
1676 2198 1843 2237 ducato-

540 2260 627 2286 rum
643 2262 731 2291 213.
751 2248 800 2288 de
817 2248 967 2287 Vellon
985 2260 1159 2289 monetoe
1177 2252 1386 2299 hispanicae
1404 2266 1417 2291 ,-
1447 2250 1592 2289 mediis
1608 2252 1744 2288 ducat.
1763 2264 1842 2297 790·

535 2301 740 2350 postremis
757 2301 995 2339 ducatorum
1016 2315 1077 2348 27.
1112 2303 1209 2351 Haec
1226 2313 1366 2352 patent
1397 2312 1484 2342 tum
1502 2314 1547 2340 ex
1565 2303 1746 2350 precibus
1768 2303 1844 2341 Be-

531 2351 812 2392 neficiatorum
828 2377 841 2396 ,
859 2360 947 2391 turn
963 2364 1008 2391 ex
1025 2354 1225 2395 relatione
1246 2355 1426 2404 Episcopi
1444 2355 1550 2392 inter
1567 2363 1833 2395 monumenta

537 2402 654 2441 Cleri
674 2403 927 2453 perlegendis
943 2433 952 2443 .

484 2455 538 2495 Ex
555 2457 708 2494 vetusta
721 2456 1011 2495 consuetudine
1026 2457 1064 2494 in
1083 2458 1261 2506 qualibet
1279 2458 1451 2496 Ecclesia
1468 2458 1696 2503 celebrari,
1714 2460 1751 2498 8<
1771 2470 1839 2506 ap-

535 2506 674 2554 plicari
690 2519 760 2555 pro
773 2507 926 2556 Populo
945 2510 1241 2548 consueverunt
1259 2522 1334 2546 una
1350 2533 1363 2551 ,
1399 2509 1463 2547 vel
1479 2511 1637 2556 {plures
1668 2510 1791 2549 Miffae
1822 2532 1836 2552 ‚

536 2569 654 2604 prout
674 2570 771 2597 unus
788 2585 800 2603 ‚
829 2560 892 2598 vel
912 2560 1045 2607 plures
1064 2560 1295 2599 Beneficiati
1317 2562 1353 2597 in
1374 2573 1610 2611 unaquaque
1640 2574 1686 2601 ex
1717 2561 1842 2598 Paro-

533 2608 635 2645 chiis
656 2610 910 2649 residentiam
931 2613 1123 2650 haberent
1140 2640 1148 2649 .
1182 2611 1223 2648 In
1244 2612 1415 2650 Ecclesia
1438 2625 1609 2664 namque
1625 2613 1836 2651 Matrice„

536 2659 622 2696 duae
643 2663 823 2708 qualibet
843 2663 908 2702 die
924 2664 1229 2712 applicabantur
1246 2661 1370 2701 Miffae
1384 2687 1395 2707 ‚
1414 2664 1454 2703 in
1476 2665 1567 2706 aliis
1584 2677 1681 2703 vero
1702 2665 1845 2702 Eccle-

1758 2717 1818 2753 slis
1838 2738 1850 2757 3
