1980 3015
651 167 711 192 ιο.
731 151 896 201 Augusta·
918 152 1031 197 1768.
1431 162 1501 190 203

148 224 207 251 m
229 221 336 255 eatur
358 207 591 257 Capitulum,
613 207 693 255 five
711 205 896 252 Sanfi't'eses
912 227 925 246 ,
955 203 1016 241 vel
1035 201 1153 251 potius
1175 199 1441 249 fintfizciendae
1457 215 1504 238 ex

159 265 342 303 reditibus
362 259 579 309 Capellaniae
591 257 611 295 Γ*
629 259 863 308 prodiitque
882 255 1351 306 rescriptum=Negative
1367 253 1416 290 ad
1425 256 1502 302 pri·-

166 330 261 355 mam
276 324 418 364 partem
435 338 447 357 ‚
467 313 686 361 affirmative
699 310 957 359 adsecundam
971 336 981 346 .

113 370 211 409 Haec
233 379 374 409 tamen
392 368 535 405 locum
556 366 704 403 habent
723 389 735 408 ,
769 360 932 413 quando
947 361 1081 410 agitur
1113 359 1163 399 de
1181 359 1258 399 lite
1287 358 1502 397 instituta-2

163 435 236 471 pro
260 419 426 460 tuendis
443 419 598 464 juribus
629 415 910 466 Capelhmiae,
938 411 1300 462 promovendaque
1328 412 1403 460 piae
1430 422 1504 449 vo-

165 474 349 513 luntatis
367 471 672 521 exequutione:
702 468 811 507 Hinc
832 465 1122 517 inquirendum
1138 466 1191 503 est
1207 476 1293 508 ‚en
1326 464 1377 502 lis
1407 473 1500 519 pen-

167 527 269 567 dens
289 527 328 564 in
345 524 546 564 Sac.Rota
564 519 949 571 legitimeinstituta
968 517 1096 558 fuerit
1114 543 1126 562 ‚
1158 517 1196 556 δέ
1219 517 1504 565 principaliter

171 579 364 628 respiciat
380 575 630 626 Capellaniae
648 574 880 613 utilitatem
899 597 912 617 ,
943 571 1009 610 seu
1036 570 1174 618 potius
1205 567 1472 609 commodum
1487 589 1503 610 ,

174 633 468 681 privatumque
483 630 545 674 jus
565 639 722 671 eorum,
739 626 807 676 qui
828 625 946 663 litem
964 624 1153 661 sustinent
1170 651 1180 661 .
1446 669 1454 675 ·

125 681 205 722 His
223 685 371 733 igitur,
399 681 570 732 aliisque
603 679 753 718 adrem
784 674 1033 715 facientibus
1061 678 1254 715 accurate
1287 671 1506 723 inspeetis,

181 737 260 774 ΕΞ.
280 735 353 775 ΡΡ.
374 733 659 780 dijudicabunt

126 792 196 830 An
214 788 372 838 expensae
388 786 467 824 litis
476 795 543 835 per
557 786 732 823 patronos
754 782 827 830 sint
841 780 1074 819 detrahendae
1099 794 1119 818 a
1136 783 1232 817 bonis
1251 778 1505 826 recuperandis

228 851 292 892 pro
308 841 390 879 dote
407 838 625 889 Capellam'ae
637 840 675 875 in
690 836 773 884 casu
791 837 865 878 &a

220 1203 554 1246 AESENATEN.
584 1202 890 1244 BENEFICII.
947 1203 1016 1242 Pia
1035 1201 1191 1240 Mulier
1218 1201 1429 1242 Elisabeth
1448 1203 1498 1242 de
1533 1220 1612 1267 Sess·
1657 1226 1718 1258 25.
1739 1223 1853 1265 cap-3„

231 1259 377 1298 Turris
405 1257 768 1307 erigendumjuffit
783 1268 889 1295 anno
907 1260 1018 1295 1666.
1041 1253 1079 1292 in
1102 1254 1279 1293 Ecclesia
1298 1254 1500 1296 S.Homo-
1533 1275 1577 1311 de
1592 1248 1752 1317 R'esorm,

170 1313 265 1350 boni
284 1310 484 1350 Civitatis
501 1310 668 1350 Caesenae
686 1310 833 1348 Altare
851 1309 960 1347 Divo
976 1308 1162 1347 Antonio
1192 1305 1393 1347 Patavino
1408 1335 1421 1353 ‚
1451 1322 1498 1349 ac

170 1364 288 1403 Diva:
307 1363 542 1401 Elisabethae
558 1362 770 1401 Lufitaniae
789 1361 951 1409 Reginae
971 1360 1157 1398 dicatum
1185 1372 1278 1397 cum
1292 1361 1495 1400 erestione

172 1415 368 1455 Beneficii
386 1416 453 1453 sub
465 1415 593 1453 titulo
609 1413 847 1454 eorumdem
866 1413 1104 1451 San-storum
1119 1441 1130 1451 .
1142 1411 1410 1450 Patronatum
1430 1426 1494 1452 re-

171 1468 299 1519 liquit
317 1467 521 1506 Matthaeo
538 1491 551 1510 ‚
578 1468 616 1506 ἃ
635 1466 764 1505 Clarae
780 1465 832 1504 de
851 1464 993 1503 Turris
1009 1489 1022 1508 ‚
1039 1464 1179 1514 hisque
1191 1462 1364 1503 defec'tis
1382 1464 1495 1504 Con-

174 1519 433 1560 fratcrnitati
453 1519 490 1557 S.
504 1519 737 1558 Homoboni
754 1518 913 1563 adjetota
928 1519 1021 1566 lege
1050 1528 1078 1549 Ξ
1106 1518 1169 1554 che
1181 1518 1295 1553 debba
1311 1521 1495 1556 nominare

177 1587 228 1611 un
244 1573 470 1621 Pretefiglio
485 1573 526 1608 di
543 1585 591 1609 un
603 1572 751 1620 Amsta
766 1572 806 1607 di
820 1572 933 1608 buono
949 1575 1030 1608 vita
1049 1593 1061 1617 ‚
1084 1570 1188 1618 fama
1202 1595 1215 1614 ‚
1229 1584 1248 1606 e
1267 1573 1495 1615 condizione,

180 1636 319 1664 mentre
340 1629 425 1676 per&
439 1638 507 1662 non
522 1625 612 1672 viso
644 1638 661 1661 e
689 1626 731 1661 in
746 1622 897 1673 qualche
924 1624 1023 1660 modo
1038 1624 1197 1660 Parente
1211 1646 1224 1667 ,
1253 1636 1270 1659 o
1296 1626 1497 1661 Attinente

177 1680 219 1715 di
232 1692 286 1716 me
305 1679 498 1728 Testatrice
510 1702 523 1721 ‚
554 1677 654 1727 quali
672 1677 787 1725 voglio
800 1701 811 1720 ,
841 1678 905 1714 che
910 1676 1010 1724 stane>
1021 1676 1190 1724 preferiti
1204 1688 1224 1712 a
1235 1677 1325 1712 tutti
1333 1674 1501 1724 gl'altri·.

178 1730 292 1769 Inter
307 1739 457 1769 caetera
473 1741 572 1768 vero
587 1729 823 1769 Reum-ibus
853 1728 1047 1776 imposuit
1074 1741 1101 1761 Ξ
1130 1727 1243 1773 difar
1257 1728 1436 1766 celebrare
1465 1731 1505 1764 in

174 1785 277 1821 detto
290 1783 435 1821 Altare
451 1782 499 1819 da
515 1783 798 1831 eriggerfi,come
803 1780 927 1831 sopra,
945 1779 1062 1829 Meffe
1080 1790 1178 1819 cento
1196 1780 1358 1819 all’anno
1371 1785 1409 1820 in
1420 1790 1507 1830 per-

171 1844 276 1884 petuo
293 1864 304 1874 .

123 1887 231 1927 Cum
264 1888 304 1926 in
321 1887 458 1927 mense
474 1886 644 1936 Augusti
676 1887 770 1926 anni
804 1891 916 1933 1767.
948 1885 1174 1925 decessisset
1192 1884 1511 1934 Christophorus

176 1940 323 1979 Baroni
358 1939 530 1978 ultimus
559 1939 754 1979 Beneficii
774 1937 966 1978 Possessor
980 1964 993 1984 ‚
1029 1938 1260 1987 comparuit
1280 1938 1318 1976 in
1338 1937 1511 1977 Dataria

175 1991 412 2039 Apostolica
437 1991 582 2039 Joscph
598 1991 807 2031 Barberini
825 2002 973 2030 annum
990 2002 1113 2040 agens
1144 1999 1334 2040 quartum
1363 1992 1513 2040 supra.)

180 2043 422 2091 vigesimum
440 2066 454 2085 ‚
481 2043 520 2081 ὃς
535 2042 861 2082 subdiaconatus
880 2042 1041 2082 Ordine
1070 2043 1258 2081 initiatus
1275 2069 1288 2088 ,
1320 2043 1517 2091 exposita-

182 2096 261 2144 que
280 2093 473 2133 Beneficii
490 2095 708 2134 vacatione
733 2095 771 2133 in
790 2096 927 2133 mense
945 2096 1153 2134 reservato
1167 2118 1180 2138 ,
1211 2094 1314 2133 illud
1333 2095 1401 2133 fibi
1420 2105 1518 2132 con-

179 2146 411 2201 cedendum
428 2146 673 2194 postulavit,
704 2155 898 2197 tanquam
923 2146 1159 2185 Fundatrici
1177 2145 1288 2185 affini>
1306 2173 1318 2191 ,
1347 2149 1384 2186 δέ
1402 2147 1517 2190 juxta

184 2198 473 2237 fundationem
489 2197 627 2236 debite
643 2198 879 2248 qualificato
894 2228 902 2237 .
935 2198 1182 2248 Signataque
1198 2199 1343 2236 eadem
1357 2196 1517 2246 Suppli-

182 2251 466 2293 catione‚cum
483 2249 522 2288 in
544 2262 591 2289 ea
607 2250 759 2290 deesset
775 2251 987 2300 expressio,
1004 2251 1112 2301 quod
1130 2250 1274 2300 Joseph
1292 2250 1400 2287 filius
1421 2245 1522 2287 esset

179 2303 370 2341 Artificis
387 2328 399 2347 ,
433 2303 608 2341 alteram
630 2303 712 2350 ipse
728 2304 795 2342 die
810 2308 849 2341 6.
871 2303 1123 2352 Septembris
1155 2314 1249 2341 cum
1266 2304 1342 2341 hac
1359 2300 1520 2350 expres-

177 2356 293 2394 fione
324 2354 505 2404 porrexit
523 2354 876 2403 Supplicationem
892 2384 901 2393 .

126 2409 195 2447 'lnt
208 2408 309 2446 erim
331 2407 430 2446 vero
461 2406 710 2456 praecedenti
741 2408 810 2457 die
844 2412 907 2444 26.
924 2406 1090 2455 Augusti
1120 2406 1315 2445 Sacerdos
1345 2404 1515 2455 Jacobus

181 2459 391 2508 Vermigli
420 2460 506 2497 suas
538 2471 610 2507 pro
639 2458 868 2497 obtinendo
895 2458 1091 2496 beneficio
1117 2458 1325 2496 obtulerat
1355 2468 1492 2506 preces
1507 2479 1521 2500 ‚

177 2511 374 2556 asserem,
389 2511 428 2550 se
448 2511 686 2550 Fundatrici
713 2511 872 2550 affinem
889 2535 903 2555 ‚
933 2509 1064 2547 filium
1084 2509 1268 2548 Artificis
1286 2535 1299 2554 ‚
1324 2511 1362 2549 &c
1389 2507 1521 2557 magis

181 2563 473 2615 qualificatum
493 2593 502 2602 .
535 2563 586 2602 Et
617 2564 724 2603 alter
752 2563 930 2613 denique
962 2562 1194 2610 comparuit
1221 2561 1414 2601 Beneficii
1427 2572 1525 2609 prae-

181 2615 325 2657 tensos
343 2615 586 2654 Dominicns
622 2616 828 2655 Santormi
856 2628 878 2653 a
915 2613 1199 2652 Confratribus
1228 2613 1267 2652 S'.
1287 2612 1523 2653 Homoboni

186 2669 457 2722 praesentatus
476 2697 485 2706 .
519 2666 563 2704 In
578 2669 653 2708 hoc
674 2668 799 2719 igitur
832 2666 1185 2718 Supplicationum
1200 2666 1390 2706 conflic‘tu
1406 2664 1522 2704 Emi-

285 2722 598 2764 Tom.XXXVJJ.
936 2717 996 2757 Cc
1027 2733 1046 2757 2
1419 2727 1520 2756 nen-2
