1980 3015
568 135 625 158 20.
644 121 802 169 Augusti
829 124 921 167 1768
933 147 941 158 ³
1390 139 1407 162 2
1421 140 1432 162 1
1446 135 1462 165 ς

153 173 316 211 zalezin
337 175 397 210 cit.
416 182 490 221 cap.
514 173 725 221 Consulmsti
742 199 753 217 ‚
785 174 829 210 de
845 174 960 211 celebr
992 175 1093 221 Assiff.
1112 201 1122 218 ,
1144 176 1179 214 ἀ
1198 187 1218 212 a
1239 174 1464 214 Christiano

141 221 257 271 Lupo
270 225 332 263 loc.
353 228 414 262 cie.
434 250 446 268 ‚
483 237 558 264 non
591 225 694 263 levis
729 226 781 264 est
814 225 986 274 suspicio
1004 252 1014 271 ,
1046 227 1083 265 S.
1108 226 1286 269 Leonem
1318 229 1466 266 sermo-

141 289 237 314 nem
254 290 303 315 eo
323 278 358 314 in
378 287 497 316 textu
516 278 664 317 habere
682 277 732 316 de
754 276 939 318 iterando
956 279 1161 321 Sacrificio
1181 278 1305 320 Miffie
1332 281 1370 320 in
1390 293 1458 319 ea-

143 329 236 367 dem
251 329 420 380 quidem
449 330 624 369 Ecclesia
641 354 653 372 ³
684 330 749 368 sed
779 342 855 368 non
874 332 921 368 ab
938 331 1082 371 eodem
1114 332 1335 372 Sacerdote
1351 361 1360 371 .
1389 332 1464 372 Ca-

143 392 222 418 non
242 382 350 420 enim
367 382 471 430 apud
490 384 650 420 Graecos
666 382 857 432 antiquus
875 382 953 421 fuit
973 408 985 426 ,
1003 385 1040 425 Sc
1056 384 1251 424 solemnis
1266 409 1278 427 ,
1299 395 1342 422 ut
1362 396 1462 424 non·

143 433 214 471 nisi
234 434 400 472 unicum
429 432 525 473 effet
545 435 582 471 in
603 434 788 472 Ecclefiis
808 435 953 474 Altare
970 462 982 479 ‚
1016 437 1109 476 &in
1131 436 1461 487 uno‚eodemque

143 486 284 524 Altari
302 512 313 531 ‚
328 486 514 537 adeoque
544 486 580 523 in
600 498 691 529 una,
709 486 931 536 eademque
952 488 1130 529 Ecclesia
1159 502 1235 529 non
1256 489 1379 538 posset
1398 501 1466 528 ea·-

144 537 237 575 dem
255 537 321 577 die
340 537 480 578 iterari
509 538 758 579 Sacrificium
777 568 786 576 .
821 538 958 587 Qiam
987 542 1036 578 ob
1065 553 1151 579 rem
1189 540 1462 590 interroganti

144 589 344 628 Dioscoro
363 616 374 634 ‚
406 604 499 629 num
528 603 572 628 ex
602 590 913 636 superveniente
944 593 1071 640 plebis
1104 593 1374 633 multitudine
1394 594 1465 632 Sa-

143 644 224 681 cris
244 643 395 681 iterum
412 643 571 690 operari
591 642 650 682 fas
670 640 766 682 elset
783 644 925 682 eadem
959 644 1025 684 die
1045 671 1057 689 ‚
1090 646 1127 685 in
1149 646 1375 696 eademque
1392 645 1464 685 Ba-

139 694 249 733 silica
268 721 279 739 ‚
300 696 337 734 Sc
353 707 401 733 an
432 697 577 735 liceret
608 695 837 742 generatim
867 696 996 736 totius
1028 697 1215 736 Orientis
1247 698 1464 737 consuetu-

142 746 283 786 dinem
300 773 312 791 ,
330 748 464 797 ibique
485 748 692 797 vigentem
710 746 920 786 Canonem
940 774 951 792 ,
972 748 1187 794 dispensari
1206 756 1235 792 ‚‘
1257 751 1462 788 verosimi-

147 800 186 837 le
204 812 325 848 quam
345 800 519 838 maxime
536 801 586 838 est
601 824 612 842 ‚
629 800 840 840 Summum
860 799 1097 839 Pontificem
1114 801 1293 840 Leonem
1311 827 1322 846 ,
1344 803 1467 840 ratio-

141 851 257 890 nibus
276 849 429 890 suafiffe
444 877 456 896 ‚
477 852 571 901 quin
590 876 602 895 ‚
631 852 668 890 St
684 852 914 899 Apostolica
931 853 1151 900 praecepisse
1171 853 1420 893 auctoritate
1439 878 1451 896 ‚

143 913 188 942 ut
207 904 398 942 Latinum
419 904 457 942 in
477 916 633 944 rnorem
654 914 731 943 non
751 912 911 942 tantum
931 902 1055 949 poiset
1085 906 1214 945 relata
1241 917 1288 955 ex
1307 906 1455 945 causa-2

144 956 285 995 iterari
304 955 554 994 Sacrificium
572 981 584 1000 ‚
602 957 667 994 sed
695 956 822 994 etiam
838 956 1007 994 deberet
1028 983 1037 993 .

97 1027 154 1061 ¹7·
213 1009 306 1047 Hoc
326 1008 466 1058 itaque
485 1005 741 1055 praetermiffo
758 1007 907 1046 Leonis
928 1008 1110 1056 responso
1127 1034 1138 1053 ,
1170 1009 1290 1059 longe
1305 1008 1457 1048 clarius
1494 1022 1498 1026 ’

144 1060 379 1108 suppeditat
410 1058 684 1099 Nemausense
714 1059 752 1098 in
770 1060 990 1098 Occitania
1006 1060 1241 1100 Concilium
1259 1074 1321 1102 an.
1345 1075 1359 1099 1
1372 1067 1459 1109 284.

144 1114 240 1162 apud
256 1113 433 1150 Labheum
447 1122 530 1151 tom.
556 1127 570 1150 1
584 1127 616 1152 1.
631 1121 725 1160 part.
738 1126 766 1151 1.
780 1112 865 1161 pilg.
889 1126 902 1150 1
914 1126 932 1150 2
944 1125 1002 1154 13.
1036 1115 1085 1149 Si
1117 1127 1232 1152 omnes
1255 1116 1456 1151 paroehia-

145 1169 183 1203 m'
198 1166 247 1202 ad
262 1177 368 1201 unam
385 1164 651 1213 fisiffamfimul
668 1178 734 1202 non
743 1167 862 1212 poffi'nt
878 1166 1072 1203 convenire
1090 1190 1102 1208 ‚
1137 1179 1173 1202 eo
1209 1168 1303 1216 quod
1332 1170 1369 1204 iz}
1399 1168 1456 1202 di-

144 1218 254 1265 verfis
270 1217 352 1253 locis
373 1218 537 1253 habitant
551 1218 760 1266 distantibus
778 1220 822 1254 ab
837 1218 993 1265 Ecclefia
1006 1243 1018 1261 ,
1039 1220 1081 1260 &⁵
1095 1222 1241 1255 remotis
1259 1245 1270 1261 ‚
1302 1218 1395 1266 sicut
1414 1219 1460 1266 est

144 1274 182 1306 in
196 1272 384 1306 Montanis
397 1292 409 1311 ‚
428 1282 490 1305 nec
505 1270 587 1313 funt
603 1274 641 1306 in
657 1269 813 1315 Ecclesia
827 1272 896 1306 duo
913 1271 1145 1313 Sacerdotes,
1166 1273 1208 1313 ὠ·
1235 1271 1332 1306 ditia
1341 1274 1460 1319 prima

145 1322 260 1367 Miffa
275 1345 287 1363 ‚
301 1321 517 1370 postmodum
533 1322 750 1359 parochiam·
767 1326 951 1360 venientes
969 1322 1141 1370 postulent
1169 1323 1319 1369 Alifflzoen
1351 1323 1464 1358 aliam

137 1375 206 1423 fibi
226 1375 302 1410 dici
318 1399 327 1417 ,
342 1377 475 1421 poterit
488 1384 564 1410 tum
580 1376 759 1411 Sacerdos
776 1375 926 1421 llffiffam
949 1374 1060 1411 aliam
1087 1374 1269 1411 celebrare
1283 1402 1292 1412 .
1333 1375 1464 1411 Tamen

138 1427 171 1475 st
183 1429 220 1462 in
233 1429 354 1471 prima
366 1426 494 1470 ,Missas
507 1428 579 1474 post
596 1430 830 1473 receptionem
845 1429 1009 1475 Corporis
1026 1426 1170 1472 Chresti,
1189 1429 1229 1468 &-
1242 1428 1460 1473 Sanguinis,

143 1479 377 1528 profusionem
391 1481 571 1526 acceperit
587 1504 598 1523 ‚
629 1492 692 1515 mn
712 1479 1020 1528 debetsecundam
1049 1478 1199 1524 Miffizm
1225 1481 1262 1514 in
1286 1478 1465 1526 praediffis

151 1532 283 1579 casibus
305 1530 483 1568 celebrare
502 1560 511 1568 .

101 1592 161 1626 18.
219 1581 361 1632 Itaque
385 1592 429 1620 ut
446 1583 572 1621 liceat
590 1582 767 1621 Parocho
799 1584 895 1621 duas
926 1581 1141 1620 Parochias
1170 1581 1362 1623 habenti,
1393 1581 1459 1619 vel

149 1634 248 1673 duos
263 1635 431 1683 populos
452 1635 626 1673 maxime
645 1634 753 1674 inter
765 1636 802 1675 se
821 1634 976 1674 dissitos
997 1660 1009 1679 ‚
1028 1634 1106 1673 duo
1124 1634 1242 1672 Sacra
1264 1634 1459 1680 perficere

150 1687 289 1725 diebus
308 1685 415 1725 festis
431 1714 443 1729 ‚
465 1697 507 1724 ut
526 1688 698 1735 populus
717 1685 840 1724 Missae
860 1687 1068 1726 Sacrificio
1089 1686 1244 1725 interfit
1263 1711 1274 1728 ‚
1294 1686 1372 1722 five
1394 1697 1463 1723 ce-

146 1739 342 1777 lebranda
361 1751 404 1777 ea
420 1740 493 1777 fint
513 1740 550 1779 in
571 1740 719 1777 duabus
736 1739 922 1778 Ecclesiis
943 1740 1047 1779 inter
1068 1738 1107 1776 se
1123 1737 1357 1775 distantibus
1374 1763 1386 1781 ,
1415 1737 1463 1774 si-

146 1801 198 1829 ve
216 1790 252 1828 in
274 1802 348 1829 una
378 1800 540 1829 tantum
558 1791 731 1830 Ecclesia
749 1816 761 1833 ‚
777 1791 823 1829 ad
841 1804 961 1841 quam
979 1790 1187 1830 universus
1205 1791 1376 1839 populus
1394 1802 1464 1827 ne—

146 1851 270 1891 queat
290 1842 445 1881 insimul
466 1843 688 1882 convenire
705 1867 717 1885 ‚
735 1855 810 1882 non
832 1844 910 1882 alia
927 1842 1177 1882 necestitatis
1194 1841 1310 1882 causa
1326 1842 1379 1880 est
1395 1841 1466 1879 ad-

145 1895 353 1934 mittenda
371 1895 589 1935 secundum
608 1896 845 1933 hodiernam
864 1896 1047 1934 Ecclefiae
1065 1894 1467 1943 disciplinam‚quam

146 1960 232 1995 quae
254 1948 386 1985 oritur
404 1959 448 1985 ex
470 1946 632 1986 defectu
652 1947 820 1986 alterius
840 1947 1072 1986 Sacerdotis
1089 1973 1102 1991 ‚
1120 1947 1187 1998 qui
1206 1946 1318 1985 aliud
1335 1945 1468 1984 Sacri-

146 1997 285 2035 ficium
301 1997 444 2037 offerre
472 1999 589 2044 nossit
607 2000 733 2047 ,(Q13e
763 2009 900 2037 tamen
923 2000 977 2037 ita
1007 1998 1280 2048 intelligenda
1299 1999 1404 2039 sunt,
1423 2005 1468 2035 ut

146 2050 307 2087 nullum
321 2050 412 2087 inde
425 2048 565 2088 inferri
583 2060 751 2097 putetur
766 2051 1035 2099 prejudicium
1052 2051 1142 2089 aliis
1158 2049 1396 2097 cafibus‚qui
1415 2050 1470 2086 so-

146 2101 234 2139 lent
255 2101 494 2148 contingere
525 2101 562 2138 in
590 2102 719 2139 Sacris
738 2102 992 2141 Millionibus
1010 2127 1021 2145 ‚
1052 2103 1091 2140 in
1107 2115 1275 2152 quarum
1308 2101 1465 2139 utilita-

148 2161 234 2191 tem
267 2152 526 2191 Millionariis
559 2153 802 2192 conceditur
833 2153 1009 2192 facultas
1052 2155 1187 2200 plures
1234 2152 1464 2191 celebrandi

152 2201 288 2243 Miffas
306 2204 445 2242 eadem
462 2205 528 2242 die
544 2230 556 2248 ‚
588 2214 631 2243 ut
662 2205 802 2244 videre
834 2207 886 2245 est
916 2205 1020 2254 apud
1050 2205 1346 2246 Verricellium
1383 2205 1464 2241 de„

148 2255 314 2305 Apostol.
332 2256 393 2292 Mi
417 2270 481 2295 ton.
500 2256 604 2306 lib.4.
624 2257 737 2304 quaesl.
761 2265 818 2296 18.
837 2260 991 2304 dub.1‚›.
1011 2281 1022 2300 ‚
1057 2257 1131 2296 Pax
1161 2256 1382 2307 jordanum
1410 2256 1465 2293 lu·-

149 2311 249 2347 cuhr.
271 2309 333 2347 lib.
352 2321 388 2357 4.
405 2313 465 2347 tit.
492 2322 521 2346 1.
540 2310 584 2344 de
601 2309 740 2355 Sacrtss
756 2309 858 2355 Miffi
875 2315 1037 2349 mem.82.
1059 2320 1182 2349 coma.
1203 2333 1214 2352 ‚
1234 2310 1272 2346 ὃς
1293 2305 1465 2355 Pasqua-

151 2362 222 2411 lig.
237 2361 282 2399 de
299 2362 432 2407 Sacris.
454 2363 560 2399 Nov.
580 2360 650 2407 leg.
672 2361 786 2409 quaest.
805 2366 891 2402 386.
903 2362 974 2408 sub
988 2375 1125 2408 num.9.
1149 2371 1273 2398 t0m.1.

103 2431 164 2468 19.
223 2413 287 2452 An
305 2425 400 2452 vero
417 2413 466 2452 ad
485 2413 649 2451 Sacrum
665 2411 722 2449 bis
737 2413 1028 2450 celebrandum
1045 2413 1081 2450 in
1113 2412 1214 2451 locis
1232 2437 1244 2455 ,
1275 2411 1339 2449 ubi
1372 2422 1469 2458 prae-

150 2466 260 2504 dina
275 2474 392 2514 urget
412 2464 620 2504 neceffitas
640 2490 652 2507 ‚
671 2464 840 2502 Parochi
856 2476 954 2512 opus
987 2465 1159 2503 habeant
1187 2463 1356 2503 licentia
1377 2463 1469 2511 Epi-

150 2518 288 2567 scopi,
308 2516 413 2556 haud
430 2528 571 2556 recens
589 2517 640 2554 est
655 2515 882 2554 Doctorum
898 2515 1123 2563 disputatio
1143 2544 1152 2555 .
1184 2513 1365 2562 Quidam
1384 2517 1469 2563 pla·
1504 2554 1525 2561 ¹„

152 2583 202 2610 ne
232 2569 421 2619 negative
439 2569 620 2607 sentiunt
640 2592 651 2610 ‚
668 2580 713 2606 ea
728 2567 840 2606 duni
863 2567 1022 2605 ratione
1037 2591 1050 2609 ‚
1066 2567 1173 2618 quod
1193 2568 1364 2605 tacultas
1384 2569 1466 2606 haec

149 2635 170 2662 a
184 2623 272 2667 iure
295 2622 502 2661 communi
521 2621 603 2659 illis
620 2619 868 2659 concedatur
881 2633 895 2660 ,-
909 2619 1161 2669 affirmativam
1185 2631 1281 2658 vero
1294 2627 1465 2709 tuenstur

1396 2684 1463 2710 ella
