1996 2984
526 132 603 159 212
1035 117 1278 171 205Angaesti
1316 121 1429 167 1768.

524 171 654 211 centii
677 169 753 210 111.
768 196 781 217 ‚
797 170 858 210 fas
877 176 995 216 erat,
1009 171 1061 210 fic
1078 181 1319 211 enumerat:
1355 187 1387 211 1.
1406 172 1444 211 in
1461 171 1559 212 festo
1590 173 1731 212 Natali
1762 174 1845 213 Do-

523 224 628 264 mini
646 238 661 266 ,·
683 238 717 264 2.
750 224 816 263 ubi
843 223 1055 264 neceffitas
1084 223 1240 274 exigit,
1270 233 1368 272 puta
1395 226 1421 264 fi
1450 224 1537 274 quis
1565 227 1791 266 moi-iatum·
1809 239 1843 268 3.

523 286 693 326 propter
711 277 988 319 honestatem,
1019 284 1062 315 ut
1077 278 1105 314 fi
1120 278 1258 327 aliqua
1285 289 1430 328 magna
1457 277 1623 323 persona
1656 278 1845 325 superve-

525 330 642 370 niens
662 329 766 368 velit
783 328 925 368 audire
939 327 1099 368 Missam
1114 341 1128 369 2·
1158 342 1197 376 4.
1231 330 1344 368 causa
1364 329 1561 368 utilitatis
1582 353 1595 373 ‚
1626 338 1723 377 puta
1753 340 1844 377 pro-

524 392 618 433 pter
638 381 872 430 peregrinos
888 405 901 425 ‚
919 390 1084 429 propter
1100 381 1280 429 hospites
1296 407 1309 427 ,
1339 390 1505 431 propter
1534 389 1812 421 commeantes
1833 407 1846 427 ‚

525 443 696 486 propter
713 433 892 473 infirmos
909 460 923 480 ‚
938 443 1107 483 propter
1126 434 1283 482 sponsos
1301 458 1315 478 ‚
1348 442 1515 483 propter
1532 434 1745 472 raritatem
1776 434 1847 473 Sa-

524 488 741 528 cerdotum
756 500 770 527 5
800 497 834 530 5.
867 499 962 525 cum
991 485 1078 524 duae
1110 494 1331 525 occurrunt
1365 485 1609 525 festivitates
1638 509 1652 529 ‚
1691 485 1848 532 possunt

519 542 651 584 etiam
668 548 750 579 tres
769 538 997 579 celebrari,-
1024 543 1060 577 6.
1078 538 1105 578 fi
1123 537 1161 576 in
1191 539 1260 578 die
1282 538 1428 584 jejunii
1456 538 1638 577 occurrit
1670 537 1836 587 aliquod

519 596 703 635 solemne
731 591 874 632 festum
891 616 904 636 ,
920 591 1050 638 potest
1066 602 1189 629 uuam
1203 591 1252 631 de
1269 590 1366 630 festo
1381 617 1394 636 ,
1423 591 1461 630 Sc
1480 589 1606 630 aliam
1621 589 1673 628 de
1687 589 1843 636 jejunio

519 648 730 687 celebrare
761 674 771 684 .
803 644 866 683 De
898 643 958 682 his
974 669 986 689 ‚
1020 642 1194 693 aliisque
1224 642 1474 683 necessitatis
1512 642 1659 683 cafibus
1689 665 1703 686 ‚
1741 653 1842 691 quos

521 697 730 748 Theologi
747 695 910 735 subinde
928 695 1216 745 excogitarunt
1232 696 1281 734 ad
1302 695 1463 734 licitam
1497 694 1676 744 plurium
1703 691 1840 732 Miffa-

520 763 612 792 rum
639 750 786 790 eodem
803 749 870 788 die
884 749 931 787 ab
946 760 1024 788 uno
1042 747 1265 788 Sacerdote
1283 747 1607 787 celebrationem
1626 773 1637 791 ,
1652 745 1735 795 legi
1753 746 1843 793 pos-

521 805 615 845 sunt
632 803 673 843 S.
687 802 921 841 Antoninus
940 814 977 843 3.
991 810 1025 850 p.
1041 803 1199 839 Summa
1217 804 1318 842 τίω.
1337 810 1413 850 cap.
1429 805 1467 839 6.
1486 811 1625 843 num.5.
1645 822 1657 842 ‚
1678 799 1715 836 S.
1731 797 1840 846 Ray-

522 856 699 896 mundus
717 855 784 893 lib.
804 867 841 897 3.
861 855 1021 892 Summa
1034 856 1095 891 tit.
1117 866 1179 902 24.
1194 879 1206 898 ‚
1235 852 1452 892 Hostienfis
1468 855 1516 889 ad
1540 855 1600 890 tit.
1631 853 1677 888 de
1704 849 1834 890 celebr.

522 908 631 957 Miff.
651 920 749 945 num.
768 920 808 954 4.
829 931 842 950 ,
873 909 916 950 &⁴
921 907 1001 955 seq.
1020 929 1032 948 ‚
1060 905 1402 944 Salmanticenses
1433 914 1575 953 operum
1606 903 1836 941 Moralium,

522 971 649 999 torna.
668 960 761 996 trafl
782 971 816 999 5.
837 960 882 995 de
894 959 1030 1004 Sacris}
1053 957 1174 1005 Miffae
1201 967 1276 1007 cap.
1299 969 1339 1004 4.
1355 958 1536 1006 punfl.1.‚
1553 956 1700 995 Bened.
1723 953 1839 995 XIV.

520 1015 568 1052 de
581 1012 720 1057 Sacris.
739 1010 860 1058 Miffae
879 1010 981 1052 liba.
999 1019 1076 1057 cap.
1094 1022 1127 1053 5.
1147 1022 1223 1052 n.3.
1241 1034 1255 1053 ‚
1284 1010 1442 1059 alisque
1457 1010 1593 1056 plures
1614 1033 1627 1046 .

476 1082 536 1110 12·
593 1062 822 1103 Fatendum
841 1072 979 1100 tamen
998 1064 1051 1100 est
1067 1073 1159 1100 cum
1178 1060 1403 1100 Dominico
1432 1060 1531 1099 Soto
1555 1063 1594 1097 in
1609 1073 1647 1108 4.
1675 1059 1757 1107 dist.
1782 1071 1841 1101 13.

524 1131 559 1167 q.
583 1128 613 1154 1.
630 1124 744 1153 art.2.
765 1139 778 1158 ‚
797 1114 949 1152 Azorio
969 1115 1128 1163 Institut.
1153 1113 1291 1152 Moral.
1306 1112 1371 1150 lib.
1397 1126 1458 1151 10.
1477 1122 1555 1163 cap.
1575 1126 1637 1162 ²4·
1657 1137 1668 1157 ‚
1685 1110 1845 1159 {Sylvio

526 1173 566 1206 in
584 1176 728 1216 3.part.
747 1167 862 1215 quast.
883 1172 944 1209 83.
966 1179 1035 1204 arc.
1058 1179 1091 1204 2.
1107 1166 1224 1215 quaest.
1239 1178 1279 1212 4.
1300 1189 1313 1208 ‚
1335 1165 1373 1203 &
1388 1163 1480 1202 aliis
1512 1176 1534 1203 a
1557 1164 1692 1204 Bened
1727 1161 1842 1203 XIV.

526 1219 671 1260 relatis
684 1219 749 1256 loc.
772 1222 832 1256 cit.
850 1244 863 1263 ,
881 1221 973 1262 &in
989 1218 1098 1267 Epist.
1115 1218 1165 1255 ad
1179 1217 1389 1267 Episcopum
1402 1217 1552 1266 Ofien.‚
1576 1217 1685 1255 casus
1700 1226 1842 1254 omnes

523 1273 718 1321 antiquos
735 1296 748 1315 ,
764 1270 858 1320 qui,
879 1270 977 1309 dum
995 1270 1169 1309 Ecclesia
1195 1269 1344 1318 exiguo
1374 1268 1644 1308 sacerdotum
1673 1278 1842 1306 numero

524 1324 731 1364 laborabat
745 1345 758 1365 ‚
774 1325 1014 1372 frequentes
1033 1331 1151 1361 erant
1166 1345 1179 1365 ,
1193 1321 1334 1371 quibus
1351 1332 1451 1359 unus
1484 1319 1610 1369 posset
1630 1319 1781 1369 pluries
1801 1318 1841 1357 in

523 1377 592 1416 die
611 1375 741 1414 Sacris
756 1375 916 1422 onerari
935 1400 945 1419 ,
970 1375 1021 1412 fic
1037 1372 1255 1413 exoleviffe
1273 1398 1285 1416 ‚
1314 1384 1355 1411 ut
1380 1376 1450 1411 vix
1478 1376 1689 1411 inveniatur
1712 1371 1807 1409 alius
1823 1394 1838 1415 ,

521 1432 564 1468 in
581 1441 649 1478 quo
666 1431 760 1465 citra
768 1426 967 1476 specialem
981 1427 1142 1475 Episcopi
1159 1428 1397 1473 concessionem
1423 1427 1464 1462 id
1478 1424 1590 1464 liceat
1607 1451 1618 1470 ‚
1651 1437 1757 1474 quam
1775 1426 1803 1460 is
1820 1447 1834 1468 ,

526 1481 666 1532 quando
681 1492 771 1517 unus
787 1480 893 1516 hahet
903 1479 1026 1527 plures
1045 1479 1217 1528 Ecclefias
1233 1477 1467 1515 Parochiales
1485 1502 1497 1521 ‚
1518 1477 1651 1528 inquit
1672 1476 1839 1524 Sylvius

522 1534 588 1571 loc.
605 1535 667 1570 cit.
688 1560 697 1570 .
717 1529 854 1580 Qffam
870 1532 921 1569 ob
937 1543 1021 1571 rem
1040 1531 1078 1570 S.
1094 1529 1266 1569 Carolus
1297 1530 1547 1569 Borromaeus
1580 1530 1616 1567 in
1650 1527 1843 1567 Concilio

521 1583 821 1623 Mediolanenfi
839 1583 869 1622 1.
900 1586 958 1622 tit.
978 1585 1037 1623 De
1051 1586 1098 1621 iis
1114 1608 1126 1628 ‚
1156 1596 1232 1632 quae
1253 1586 1438 1631 pertinent
1466 1584 1514 1620 ad
1538 1583 1706 1620 celebrat.
1735 1578 1838 1627 Miffi

521 1637 581 1676 ita
609 1634 838 1685 generatim
870 1635 1007 1675 statuit
1027 1647 1036 1673 :
1066 1636 1278 1674 Facultates
1294 1639 1503 1683 cuicumque
1518 1636 1561 1672 ab
1576 1633 1755 1683 Episcopis
1789 1631 1839 1667 ad

522 1691 615 1727 hanc
631 1689 729 1724 diem
745 1686 910 1735 couceffae
926 1711 939 1731 ‚
982 1688 1102 1737 plures
1118 1687 1249 1735 Mtfffas
1279 1690 1404 1725 eadem
1418 1688 1478 1725 die
1494 1687 1700 1725 celebrandi
1717 1709 1729 1728 ‚
1742 1684 1837 1734 post-

522 1741 591 1778 hac
607 1742 721 1777 irrita
736 1764 748 1784 ,
765 1753 806 1776 ac
824 1740 1013 1788 nnllaestnt
1026 1769 1035 1777 .
1057 1740 1106 1777 Et
1126 1740 1165 1777 in
1182 1740 1375 1778 Concilio
1392 1738 1673 1779 Mediolanen‚
1695 1735 1743 1774 V.
1773 1740 1835 1773 tit.

522 1793 570 1830 de
582 1794 628 1829 iis
640 1804 714 1839 quae
732 1792 780 1827 ad
807 1793 950 1829 Divina
970 1791 1099 1840 Officia
1121 1796 1307 1839 pertinent
1335 1794 1417 1830 haec
1437 1792 1587 1830 iterum
1606 1789 1813 1827 mandavit
1830 1798 1840 1823 ε

522 1841 802 1895 Decretihujus
834 1844 1044 1881 aufforitate
1074 1844 1314 1890 maturaſse,
1346 1857 1388 1880 ne
1402 1844 1441 1878 ob
1471 1841 1586 1879 ullam
1611 1841 1844 1887 neceffariam

523 1896 671 1944 causam
684 1919 696 1938 ‚
729 1907 847 1943 neque
863 1898 973 1930 etiam
989 1896 1029 1930 oh
1046 1894 1273 1931 Parachialis
1291 1919 1303 1937 ,
1338 1894 1536 1940 alteriusve
1567 1893 1728 1940 Ecclesiae
1756 1904 1841 1938 ege-

514 1948 648 2000 statem
661 1971 676 1991 ‚
701 1958 813 1993 neque
829 1947 868 1981 oh
881 1947 1118 1983 Sacerdotium
1135 1948 1323 1992 penuriam
1340 1971 1350 1988 ‚
1369 1959 1430 1982 nec
1444 1958 1528 1982 vero
1553 1946 1591 1980 ob
1611 1945 1765 1980 locor-nra
1780 1944 1842 1978 di-

515 2000 692 2050 stantiam
706 2022 719 2040 ‚
737 1997 924 2045 Episcopus
942 2001 1105 2046 cuiquam
1120 1998 1318 2034 Sacerdoti
1342 1997 1475 2044 pluries
1502 2000 1540 2033 in
1574 1999 1633 2032 dte
1652 1997 1835 2032 Divinum

523 2051 623 2088 illud
634 2049 754 2097 Miffae
766 2049 1000 2095 Sacrificium
1014 2047 1412 2096 offirerldifacultatera
1429 2050 1491 2086 det
1508 2072 1520 2090 ‚
1549 2059 1612 2085 aut
1625 2051 1820 2096 permittat
1833 2075 1844 2085 .

526 2105 574 2142 si
589 2116 666 2152 que
682 2115 766 2140 vero
784 2099 861 2154 ejus
872 2104 1015 2149 generis
1025 2101 1186 2146 facultas
1202 2112 1307 2138 antea
1323 2101 1383 2138 vel
1395 2111 1490 2138 certo
1506 2099 1580 2137 loco
1597 2123 1609 2142 ‚
1629 2099 1690 2137 vel
1704 2102 1844 2136 Sacer-

525 2158 602 2193 dots·
621 2157 708 2192 data
725 2155 772 2204 est
787 2178 800 2197 ,
815 2167 893 2191 eam
907 2154 1012 2202 plane
1028 2153 1157 2203 statim
1182 2153 1361 2201 resciffirm
1377 2177 1390 2195 ‚
1421 2157 1635 2202 irritamque
1652 2177 1665 2195 ‚
1697 2165 1738 2188 ac
1755 2151 1840 2188 nul-

526 2208 600 2246 lam
616 2210 754 2244 omnino
771 2204 839 2254 effe
854 2204 958 2258 ,jam
969 2218 1063 2244 nunc
1073 2207 1296 2243 decernimus
1317 2235 1326 2244 .
1354 2204 1560 2244 Caeterum
1593 2202 1839 2243 dissimulan-

524 2261 623 2299 dum
644 2271 722 2298 nou
747 2260 798 2298 est
816 2284 827 2303 ‚
843 2258 1032 2305 posterius
1051 2260 1125 2297 hoc
1145 2257 1325 2296 Concilii
1356 2256 1668 2295 Mediolanensis
1687 2256 1842 2294 Decre-

526 2322 617 2352 tum
633 2311 935 2359 aliquantulum
952 2311 1097 2349 durum
1113 2310 1243 2349 visum
1263 2308 1375 2348 fuiffe
1405 2309 1612 2347 nonnullis
1626 2331 1639 2349 s
1673 2319 1720 2346 ac
1753 2319 1848 2357 prae-

525 2364 667 2404 sertim
685 2362 911 2401 Christiano
927 2363 1042 2411 Lupo
1060 2363 1123 2401 loc.
1142 2367 1206 2400 cit.
1224 2389 1235 2407 ‚
1252 2362 1320 2411 qui
1339 2365 1441 2399 nimii
1468 2361 1569 2399 illud
1606 2363 1737 2408 rigoris
1770 2372 1841 2407 ap-

524 2417 656 2465 pellat
675 2428 688 2451 ³
717 2415 866 2464 quippe
881 2415 974 2465 quia
995 2415 1106 2453 nulla
1124 2415 1159 2453 in
1180 2427 1230 2454 eo
1247 2414 1447 2457 excipitur
1464 2413 1714 2451 necessitatis
1746 2423 1844 2450 cau-

527 2469 564 2507 sa
581 2493 595 2514 ‚
627 2478 747 2519 quam
774 2477 911 2507 tamen
940 2466 1200 2515 apertiffimis
1233 2466 1363 2505 verbis
1395 2464 1677 2513 excipiendam
1706 2464 1844 2502 voluit

524 2519 792 2560 Innocentius
809 2518 885 2557 111.
906 2520 944 2558 in
961 2519 1212 2566 supracitato
1225 2517 1395 2557 decreto
1414 2546 1423 2555 .
1447 2518 1602 2556 Verum
1631 2527 1756 2567 quum
1785 2515 1844 2553 di-

478 2602 483 2603 γ
511 2571 591 2608 'lta
608 2572 797 2618 Synodus
815 2570 939 2611 fuerit
956 2580 1119 2610 tantum
1137 2570 1401 2610 Provincialis
1420 2592 1433 2611 ‚
1460 2570 1626 2620 ejusque
1644 2567 1838 2616 proinde)

530 2625 750 2663 auctoritas
767 2624 884 2663 unius
905 2623 1222 2663 Mediolanenfis
1254 2621 1476 2660 Provinciae
1506 2621 1649 2662 finibus
1680 2620 1843 2707 conciliu—

1804 2682 1845 2707 a„
