2018 2952
520 198 572 242 98
991 200 1055 233 3ο,
1070 187 1172 242 Μιψ·
1191 191 1305 236 1767.

513 245 681 296 superius
698 241 869 290 descripti
887 240 1138 286 Tabernaeuli,⁴
1159 251 1204 285 ut
1223 237 1465 285 Sacerdotes
1481 240 1593 282 Cleri
1611 244 1661 284 de
1679 243 1832 284 Castel-

521 297 566 340 lo
580 293 821 339 abstinerent
838 294 881 331 ab
899 293 1092 336 audiendis
1108 293 1372 342 Confefflonibus
1398 294 1726 335 sacramentalibus
1759 299 1832 335 im.»

523 348 621 391 difla
640 346 786 396 Capella
801 370 814 390 ‚
837 348 881 389 (ς’
895 359 916 382 a
933 347 1109 388 cantando
1123 349 1162 388 in
1175 361 1216 384 ea
1234 345 1364 393 Miſjizs
1373 344 1548 391 solemnes
1562 369 1576 388 ‚
1602 356 1646 389 ut
1666 348 1759 386 dem
1771 356 1840 387 um

517 399 757 441 abstinerent
776 398 903 442 etiam
920 411 941 435 a
950 399 1163 447 peragendis
1178 400 1313 441 ibidem
1329 400 1467 441 coeteris
1486 398 1748 445 funfflonffius,
1764 414 1830 439 nec

520 465 614 495 mere
634 450 908 496 Parachlalibus
925 478 935 489 .
1035 447 1052 452 '¹

466 504 577 551 Huic
594 503 763 547 decreto
780 528 793 551 ‚
806 503 938 553 quod,
955 503 1005 541 ob
1022 514 1099 543 non
1119 502 1400 550 interpositam
1432 502 1540 542 intra
1567 502 1712 544 decem
1743 503 1832 546 ‚dies

518 556 842 605 appellationem
858 579 872 599 ‚
905 554 1096 600 tranfiiffe
1110 555 1324 596 dicebatur
1338 555 1376 593 in
1395 567 1480 594 rem
1498 554 1738 601 judicatam,
1754 557 1836 595 mi—

518 608 629 660 nime
648 608 782 656 paruit
798 607 944 647 Clerus
959 606 999 650 S.
1016 606 1158 651 Mariae
1173 606 1224 646 de
1251 607 1426 649 Castello
1442 630 1456 650 ‚
1489 607 1738 656 proindeque
1758 609 1832 648 Vi*

517 660 650 701 carius
676 659 929 709 Capitularis
946 659 1012 702 die
1046 673 1104 708 14.
1121 658 1278 706 Aprilis
1308 658 1536 700 declaravit
1555 684 1566 703 ,
1590 659 1831 706 Capellam...

519 713 557 752 S.
577 712 715 755 Mariae
729 712 965 756 Gratiarum
983 710 1208 757 ,luterditfto
1222 711 1433 758 alligatam
1454 733 1467 754 ‚
1484 711 1592 761 quod
1609 712 1739 757 postea
1755 724 1835 750 non

519 765 643 808 aliter
658 764 858 805 relaxavit
875 788 888 809 ‚
908 775 1028 815 quam
1044 763 1275 813 rogantibus
1294 763 1475 803 Parocho
1492 786 1505 806 ‚
1532 764 1570 802 ὅτ.
1599 762 1724 802 Clero
1753 762 1834 804 cle„

519 816 696 860 Castello
709 840 722 860 ‚
739 815 926 867 factaque
942 818 988 856 ab
1005 816 1064 857 his
1081 815 1333 865 obligatione
1354 814 1403 859 de
1434 814 1611 864 parendo
1650 816 1836 864 imposte-2

522 881 611 911 rum
625 868 827 912 mandatis
844 868 1030 913 Ecclefiae
1047 897 1058 911 .
1435 865 1438 868 ’

475 921 539 968 Ita
559 921 596 959 se
609 932 670 963 res
687 921 858 962 habebat
872 944 886 965 ‚
917 932 1038 972 quum
1055 930 1181 961 novus
1196 918 1244 958 ad
1278 919 1558 958 Cassanensem
1587 919 1836 958 Ecclefiam„

523 972 688 1015 acceffit
702 972 943 1021 Episcopus,
959 973 1094 1018 Hujus
1109 980 1251 1013 autem
1268 971 1677 1013 VicariusGeneralis
1690 970 1757 1010 die
1778 984 1835 1016 19·

516 1025 620 1070 Maii
640 1025 817 1069 ejusdem
832 1024 923 1066 anni
941 1025 1117 1073 primum
1134 1025 1221 1064 ac‘ta
1236 1024 1373 1063 omnia
1392 1024 1430 1065 in
1449 1035 1495 1065 ea
1511 1023 1627 1061 causa
1645 1024 1748 1072 gesta
1770 1023 1840 1061 su·-

517 1076 675 1126 spendit
691 1101 703 1122 ,
720 1076 975 1127 inhibuitque
994 1076 1179 1120 Partibus
1198 1102 1211 1121 ,
1229 1088 1277 1115 ne
1295 1085 1434 1118 contra
1452 1083 1637 1115 veterem
1655 1086 1838 1119 morem„

519 1139 643 1179 atque
674 1128 1008 1172 consuetudinem
1040 1128 1194 1181 aliquid
1235 1128 1480 1168 innovarent
1509 1138 1518 1163 z
1548 1126 1834 1166 Sententiam...

519 1181 669 1226 deinde
688 1180 864 1230 protulit
880 1180 946 1219 die
960 1196 999 1230 9,
1029 1181 1136 1230 junii
1163 1189 1381 1224 vetantem
1410 1179 1590 1219 Parocho
1606 1204 1618 1223 ‚
1654 1179 1691 1219 δε
1707 1177 1833 1218 Clero

520 1233 559 1273 S.
576 1232 727 1283 Juliani
757 1233 824 1275 sub
856 1244 975 1278 poena
1000 1241 1301 1277 attentatorum
1317 1256 1330 1276 ‚
1360 1245 1408 1271 ne
1439 1231 1633 1270 Novenas
1664 1237 1833 1280 agerent
1875 1269 1880 1271 .

519 1285 649 1325 Beata:
667 1284 808 1327 Mariae
825 1284 1007 1335 Virginis
1024 1286 1061 1328 in
1088 1285 1257 1333 Capella
1274 1284 1312 1327 S,
1332 1284 1490 1333 josephi
1506 1283 1651 1324 eodem
1669 1292 1831 1330 tempo-

525 1350 587 1381 re,
604 1338 640 1378 ἃ
660 1339 756 1378 hora
773 1363 786 1382 ,
801 1337 942 1387 quibus
957 1338 1215 1384 celebrantur
1234 1336 1270 1375 in
1290 1337 1421 1377 altera
1445 1335 1615 1382 Capella
1630 1334 1669 1375 S.
1690 1333 1833 1373 Mariae

522 1389 787 1430 Gratiarum:
816 1389 878 1427 Ac
896 1390 1059 1431 tandem
1077 1389 1144 1428 die
1159 1402 1200 1437 9.
1219 1388 1385 1437 Augusti
1411 1386 1595 1427 decrevit
1612 1410 1625 1429 ‚
1641 1385 1837 1425 Cleruma

522 1443 560 1481 S.
579 1441 721 1478 Mariae
740 1441 790 1481 de
805 1440 991 1486 LCastello
1019 1441 1365 1483 manutenendum
1398 1439 1437 1477 in
1468 1438 1572 1490 quasi
1601 1436 1829 1486 poss'effione

523 1491 741 1582 exercendi
769 1493 807 1531 in
838 1493 911 1534 hac
939 1491 1109 1546 Capella
1138 1493 1266 1536 sacras
1288 1490 1518 1533 fundiiones
1550 1500 1664 1531 mere
1695 1489 1837 1530 ,Sacer-

522 1547 619 1586 dota
643 1556 707 1586 es.
1685 1576 1689 1589 ‹

471 1597 550 1637 Ubi
565 1596 740 1645 prirnum
755 1595 906 1641 prodiit
923 1595 1137 1634 decretum
1164 1594 1319 1633 Vicarii
1350 1593 1565 1633 Generalis
1597 1593 1647 1631 de
1677 1593 1835 1639 suspen·-

522 1646 664 1688 dendis
677 1646 827 1684 astibus
842 1672 854 1690 ‚
871 1646 1016 1684 Clerus
1037 1646 1072 1684 S.
1092 1646 1243 1694 Juliani
1272 1646 1474 1685 recursum
1511 1644 1652 1684 habuit
1672 1645 1720 1681 ad
1751 1645 1836 1685 Sac.

521 1697 892 1747 congregationem
909 1709 978 1748 per
993 1697 1215 1748 supplicem
1234 1697 1420 1737 libellum
1440 1695 1611 1735 secundo
1625 1719 1636 1739 ‚
1655 1695 1692 1733 δέ
1710 1697 1840 1735 tertio

522 1757 922 1792 renovatumcontra
941 1750 1096 1799 reliqua
1114 1749 1330 1797 posteriora
1359 1748 1525 1787 decreta
1555 1747 1734 1791 eiusdem
1766 1747 1842 1788 Vi-v

519 1802 646 1843 carii.
680 1801 794 1842 Data:
810 1800 974 1848 proinde
990 1801 1077 1840 sunt
1093 1801 1209 1849 super
1225 1800 1285 1838 his
1302 1800 1486 1839 omnibus
1503 1798 1700 1839 consuete
1718 1800 1832 1839 litte-

520 1868 571 1897 με
586 1854 634 1894 ad
651 1853 912 1900 Episcopum,
929 1860 974 1893 ut
991 1850 1166 1893 referret
1183 1882 1192 1894 .
1210 1851 1337 1893 Sedis
1352 1851 1556 1892 Pastoralis
1578 1850 1834 1890 Vifitationis

516 1917 685 1946 munere
704 1913 925 1952 occupatus
946 1903 1185 1951 respondere
1200 1904 1356 1943 distulit
1374 1914 1442 1952 per
1455 1914 1608 1944 annum
1625 1927 1636 1943 ,
1653 1903 1690 1943 8(
1708 1905 1831 1945 ultra.

519 1960 560 1998 ln
578 1959 663 2003 ejus
682 1956 885 1997 relatione
903 1956 1062 2004 plaudit
1073 1957 1188 2004 gestis
1208 1968 1229 1993 a
1246 1955 1426 1996 Parocho
1444 1980 1456 2000 ‚
1488 1956 1525 1995 3<
1542 1953 1667 1993 Clero
1683 1954 1733 1993 de
1750 1954 1831 1994 Ca·

517 2011 660 2053 stello,
680 2008 880 2057 improbat
910 2007 1013 2048 Aeta
1032 2019 1053 2045 a
1072 2008 1241 2048 Vicario
1273 2006 1499 2054 Capitulari
1515 2035 1524 2048 ,
1558 2005 1721 2045 Profert
1754 2007 1831 2046 suae

517 2061 729 2104 sententia:
746 2059 923 2100 rationes
942 2060 981 2099 in
1000 2060 1200 2101 relatione
1217 2085 1230 2104 ,
1258 2061 1370 2104 cujus
1385 2056 1675 2098 circumfertur
1691 2070 1831 2099 exem-

519 2115 635 2161 plum
650 2141 659 2151 .
689 2111 960 2163 Qaestionum
977 2113 1111 2159 capita
1126 2113 1216 2153 sunt
1233 2113 1326 2153 octo
1343 2110 1520 2152 totidem
1533 2110 1572 2149 in
1589 2111 1702 2151 calce
1719 2110 1828 2157 adje-

526 2166 602 2207 Ctis
618 2165 750 2205 dubiis
763 2164 1051 2205 comprehensa
1065 2193 1075 2206 .

471 2218 538 2264 Ad
559 2217 589 2260 Ι.
607 2216 750 2257 Clerus
770 2215 808 2254 S.
825 2214 976 2265 Juliani
995 2216 1209 2257 contendit
1226 2240 1239 2259 ,
1256 2215 1297 2256 vi
1314 2214 1487 2265 antiquae
1517 2213 1741 2253 concordiae
1759 2226 1831 2253 an-

522 2271 563 2312 ni
586 2274 699 2318 1640.
716 2267 894 2309 vetitum
912 2266 1097 2312 fuiffe‚ne
1110 2267 1255 2307 Clesus
1272 2268 1308 2307 S.
1324 2267 1464 2308 Mariae
1480 2267 1528 2306 de
1542 2266 1717 2305 Castello
1733 2267 1833 2307 alias

526 2330 668 2372 ageret
690 2323 727 2359 in
758 2319 930 2370 Capella
960 2319 1155 2360 §.Mariae
1183 2320 1417 2361 Gratiarum
1434 2321 1561 2357 sacras
1577 2316 1802 2357 funfflones
1821 2343 1835 2362 ‚
1886 2358 1888 2360 ,

526 2386 646 2425 quam
663 2385 748 2424 quae
765 2371 937 2413 solemni
952 2371 1034 2412 ritu
1050 2372 1246 2414 celebrari
1262 2371 1394 2413 solent
1411 2371 1550 2409 diebus
1572 2369 1777 2419 2.Ju1ii,&
1797 2384 1832 2410 2.

524 2426 692 2475 Augusti
712 2423 931 2470 cujuslibet
946 2423 1038 2463 anni
1060 2453 1071 2465 ,
1092 2423 1154 2463 Ita
1173 2422 1486 2472 intelligendum
1506 2423 1644 2461 censet
1674 2423 1834 2471 paftum

528 2478 568 2517 in
584 2490 629 2519 ea
646 2475 874 2517 Concordia
904 2475 1035 2515 verbis
1062 2476 1172 2518 hisce
1201 2483 1444 2522 conceptum
1465 2486 1474 2515 :
1503 2489 1529 2509 =
1560 2477 1646 2512 Item
1661 2477 1711 2513 nd
1739 2478 1841 2513 invi-

530 2543 604 2567 cem
617 2531 657 2567 di
676 2531 809 2568 andare
826 2529 897 2566 alle
915 2528 1163 2577 chiesestliali
1182 2541 1244 2567 con
1257 2528 1427 2577 occasione
1443 2529 1481 2565 di
1489 2527 1720 2574 sesteggiarle
1736 2552 1748 2571 ,
1756 2526 1837 2572 sen-

532 2592 582 2623 za
601 2581 769 2624 licenza,
799 2579 1048 2625 declarando,
1078 2583 1141 2620 che
1153 2580 1245 2619 detti
1272 2580 1407 2623 Preti,
1436 2580 1481 2616 ed
1507 2578 1595 2616 altri
1628 2579 1838 2616 convitandi

520 2633 618 2685 fiano
634 2633 673 2668 di
688 2634 788 2669 dette
804 2635 875 2673 due
905 2633 1082 2671 Parachie
1095 2661 1105 2673 .
1134 2647 1161 2666 =
1192 2630 1366 2672 Sustinet
1394 2630 1503 2669 euim
1521 2655 1533 2676 ‚
1562 2628 1834 2678 dispofitionis

530 2682 642 2726 vim,
661 2683 698 2721 ὃς
718 2684 957 2724 vocabulum
993 2683 1094 2723 illud
1120 2683 1348 2732 festeggiarle
1374 2693 1452 2720 non
1479 2682 1590 2722 aliud
1620 2680 1838 2729 fignificare

531 2745 651 2790 quam
669 2734 754 2775 dies
766 2745 883 2783 agere
900 2734 1017 2775 festos
1033 2734 1239 2786 utriusque
1256 2734 1458 2784 Cappellae
1476 2733 1726 2774 Titularium
1746 2762 1754 2774 .
1775 2782 1787 2822 I

1794 2796 1840 2822 n-
