2007 3005
657 220 715 259 16.
733 214 912 269 §armarii
931 219 1045 267 1768.
1440 224 1443 228 ’
1470 231 1491 265 5

129 296 132 299 -
155 271 266 311 Loca
285 269 354 308 Pia
372 271 527 311 reverti
543 269 740 311 deberent
761 297 773 315 ,
792 274 1033 313 eorumdem
1053 271 1208 311 idcirce>
1223 269 1376 311 frutqus
1398 271 1492 312 Ma-

154 324 282 375 gistris
299 324 383 362 Piis
401 323 614 363 dumtaxat
633 337 736 363 nunc
755 324 794 362 in
810 323 1093 374 dit‘toOppido
1114 324 1278 364 Puellas
1295 324 1488 364 erudien-

132 395 141 401 ·
155 378 264 419 tibus
291 375 458 420 deberi,
487 389 564 415 non
580 386 722 415 curata
737 378 996 424 personarum
1014 378 1246 417 mutatione
1262 379 1482 418 Braneman.

136 431 211 467 ead
225 429 295 478 leg.
317 441 378 476 75.
390 429 435 477 ff}
470 429 646 479 dejudic.
666 454 679 475 ,
719 431 802 468 Rot.
836 433 873 466 in
902 430 1052 469 Recent.
1095 429 1204 479 decis.
1232 435 1295 473 58.
1323 444 1424 470 num.
1447 445 1482 470 2.

155 492 253 532 part.
280 487 339 521 18.
356 493 440 520 tom.
463 496 494 520 1.

216 535 271 572 Ex
290 544 405 583 parte
423 534 623 572 distarum
640 533 868 573 Mulierum
885 535 988 574 nihil
1005 536 1138 574 adhuc
1151 534 1382 575 habuimus.

113 586 433 637 Antiquiffimus
454 587 506 626 est
522 586 772 625 Monialiurn
790 587 879 626 usus
897 588 935 626 in
958 588 1135 627 Ecclefia
1155 613 1168 632 ‚
1193 596 1238 627 ut
1255 587 1385 626 tradit
1402 588 1492 637 Pos-

154 641 272 690 sidius
286 641 328 676 de
345 643 424 678 vita
445 641 492 677 S.
508 640 664 689 August.
696 648 843 689 cap.27-
863 644 922 685 2&
938 653 956 682 3
971 654 1000 679 ι.
1019 666 1032 685 ‚
1074 651 1119 679 ac
1149 639 1199 678 de
1213 638 1493 688 {earumdem-0

162 694 345 732 clausura
363 718 375 737 ,
404 691 564 730 mentio
583 694 751 730 habetur
767 691 894 730 etiam
911 693 950 731 in
967 693 1114 731 saeculo
1128 700 1274 742 quarto
1291 722 1301 732 .
1331 692 1492 732 Verum

161 757 254 783 cum
276 746 389 783 nulla
415 743 597 793 generali
613 744 703 792 lege
724 743 928 783 Moniales
947 756 1087 783 omnes
1105 744 1154 783 ad
1171 745 1396 784 clausuram
1426 747 1495 783 ob-

160 797 452 847 stringerentur
466 821 478 841 ,
513 795 606 833 hinc
624 793 855 834 Bonifacius
874 796 991 835 VIII.
1024 797 1188 835 labente
1206 797 1351 836 saeculo
1371 794 1490 837 XIII.

162 862 255 889 eam
272 849 456 888 omnibus
475 847 728 886 Monialibus
745 846 890 886 indixit
908 873 920 893 ,
936 857 980 887 ut
1001 848 1041 886 in
1059 848 1333 898 cap.periculqso
1353 850 1493 898 deflet.

165 903 296 950 Regul.
313 906 351 938 in
367 905 405 938 6.
1385 903 1388 907 “

110 954 344 1002 Praescripta
377 956 426 992 fic
442 952 628 990 omnibus
649 950 897 991 Monialibus
915 951 1156 995 claustira‚in
1173 952 1310 990 iucem
1326 952 1494 999 prodie-

162 1015 258 1046 runt
276 1004 494 1045 Tertiariae
513 1005 726 1054 sequentes
741 1004 968 1042 institutum
985 1004 1180 1053 Regulare
1199 1005 1371 1049 alicujus
1389 1004 1492 1044 Fun-

162 1059 320 1099 datoris
337 1058 482 1106 absque
501 1056 587 1094 ulla
604 1056 790 1094 clausura
821 1056 887 1095 vel
922 1056 961 1095 in
983 1057 1156 1106 propriis
1173 1055 1361 1099 domibus
1379 1082 1392 1101 ,
1419 1058 1488 1097 vel

161 1110 445 1159 collegialiter
464 1108 680 1147 viventes:
712 1108 796 1146 Has
814 1120 894 1146 non
915 1108 1162 1158 improbavit
1178 1107 1261 1148 Leo
1281 1108 1485 1152 X.‚immo

162 1164 207 1203 in
224 1165 290 1202 sua
307 1160 611 1201 Constitutione
626 1163 735 1199 Num
750 1164 860 1198 inicia
878 1174 938 1208 29.
957 1163 1172 1200 Decembris
1191 1175 1204 1199 1
1217 1174 1233 1204 5
1246 1166 1304 1200 16.
1338 1169 1377 1204 5.
1397 1176 1458 1201 20.
1476 1186 1492 1206 ‚

159 1215 316 1255 edixit:
348 1211 599 1262 Collegialiter
616 1223 736 1250 autem
752 1217 915 1252 viventes
935 1240 947 1259 ,
968 1216 1038 1262 seu
1064 1228 1144 1252 cum
1160 1213 1412 1263 claustralibus
1431 1216 1495 1252 ha-

159 1271 321 1308 bitantes
340 1291 352 1310 ‚
381 1281 422 1304 ac
435 1266 612 1303 Mulieres
628 1267 850 1313 virginalem
867 1292 880 1312 ,
902 1267 972 1315 seu
986 1267 1148 1305 caelihem
1163 1292 1176 1310 ‚
1207 1277 1271 1304 aut
1288 1266 1494 1314 castam‘ivi-

158 1321 299 1360 duilem
315 1318 477 1370 expreffo
493 1329 574 1356 voto
588 1343 600 1362 ‚
619 1319 735 1366 &fich
751 1320 843 1356 dicto
859 1321 988 1356 habitu
1005 1323 1120 1358 vitam
1136 1321 1307 1356 ducentes
1327 1343 1340 1363 ,
1365 1319 1492 1368 pri'vi-

161 1375 270 1422 legiis
287 1396 301 1415 ‚
329 1374 454 1423 quibus
472 1372 621 1408 Fratres
640 1372 797 1408 Ordinis
815 1397 827 1415 ,
845 1369 945 1422 cujus
963 1376 1080 1409 tertiae
1092 1371 1224 1419 regulae
1241 1373 1406 1408 habitum
1414 1376 1486 1420 g'e-

158 1427 275 1475 stant,
287 1426 449 1473 gaudere
463 1425 615 1459 debeant
628 1447 640 1465 ‚
657 1433 704 1460 ac
720 1424 968 1467 postmodum
987 1435 1092 1461 anno
1112 1435 1154 1465 15
1167 1428 1227 1461 18.
1246 1422 1497 1468 declaravit,

171 1488 215 1515 ut
232 1483 341 1514 etiam
356 1475 535 1513 Mulieres
552 1474 774 1523 virginalem
790 1498 803 1517 ‚
833 1488 876 1512 ac
892 1475 1049 1513 caelihem
1077 1473 1418 1522 vitamfimpliciter
1432 1477 1496 1512 vi-

167 1541 300 1568 ventes
319 1554 331 1572 ,
361 1532 470 1566 etiam
486 1529 526 1564 in
543 1527 889 1574 Corsanguineorum
906 1550 919 1570 ‚
947 1530 990 1570 ἐπ’
1018 1527 1200 1576 Affinium
1219 1528 1370 1574 suorum
1386 1550 1400 1571 ‚
1429 1534 1494 1563 aut

163 1583 318 1631 propriis
347 1582 507 1617 domibus
524 1604 536 1622 ‚
566 1578 628 1617 vel
646 1579 794 1628 seorsim
825 1580 1026 1617 habitantes
1042 1605 1055 1623 ‚
1084 1579 1294 1628 privilegiis
1310 1603 1323 1622 ‚
1353 1580 1500 1621 &nm-

168 1633 408 1671 inanitatibus
426 1633 606 1682 praedifiis
631 1635 669 1669 in
683 1633 837 1668 omnibus
856 1656 869 1676 ‚
895 1634 938 1674 ξς·
941 1641 1009 1681 per
1021 1635 1139 1668 omnia
1147 1632 1229 1679 frui
1247 1656 1259 1676 ,
1280 1633 1318 1673 εἰς·
1330 1631 1498 1679 gaudere

168 1686 321 1722 debeant
335 1713 345 1723 .

117 1736 273 1777 Verum
293 1736 459 1775 Sant‘tus
476 1735 570 1774 Pius
587 1734 640 1774 V.
671 1734 709 1772 in
724 1734 792 1774 sua
809 1734 1112 1775 Constitutione
1141 1737 1237 1773 Cura
1267 1732 1466 1784 pastoralis
1482 1759 1497 1779 ,

170 1791 229 1830 ita
246 1790 387 1828 statuit
413 1789 463 1827 de
481 1785 704 1827 Tertiariis
720 1787 1002 1837 collegialiter
1020 1787 1255 1827 viventibus
1275 1799 1285 1824 ε
1313 1786 1493 1823 Mulieres

170 1855 306 1892 quoqne
322 1867 334 1886 ‚
365 1855 441 1891 quae
455 1842 664 1882 Tertiam,
674 1841 743 1888 seu
759 1842 803 1878 de
818 1843 1038 1879 Paenitentia
1053 1843 1241 1890 {dicuntur
1257 1862 1270 1882 ,
1300 1837 1496 1892 cujuseun-

169 1908 236 1945 que
247 1896 392 1941 suerint
409 1895 562 1933 Ordinis
580 1918 592 1938 ‚
622 1896 660 1929 in
675 1895 955 1942 Congregatione
969 1896 1136 1931 viventes
1149 1918 1162 1937 ‚
1184 1893 1216 1940 st
1246 1894 1289 1935 ὠ·
1319 1891 1403 1940 ips-e
1413 1902 1501 1939 pro-

161 1947 264 1995 feffae
273 1947 419 1993 fuerint
433 1971 446 1989 ‚
477 1950 577 1983 itaut
585 1945 742 1992 solemne
758 1957 882 1983 votum
897 1945 1083 1994 emiserint
1099 1971 1112 1990 ‚
1128 1947 1177 1983 ad
1193 1944 1395 1992 clausuram
1410 1953 1501 1992 pra-

173 2003 246 2036 cise
275 2001 317 2041 (ἐν
342 1997 423 2046 ipfae
451 2008 641 2035 teneantur
656 2009 666 2036 :
696 1999 806 2046 Qod
823 2000 857 2048 fi
871 2009 993 2036 votum
1017 1998 1175 2046 solemne
1202 2010 1267 2034 non
1283 1996 1465 2043 emiserint
1484 2020 1498 2040 ‚

171 2051 370 2089 Ordinarii
389 2062 460 2085 una
477 2063 556 2087 cum
572 2052 825 2098 Superioribus
844 2064 968 2088 earum
985 2052 1174 2088 hortentur
1188 2075 1201 2094 ,
1231 2047 1501 2097 &persuadere

163 2103 336 2152 studeant
351 2125 364 2143 ‚
393 2109 435 2136 ut
452 2100 548 2137 illud
561 2106 728 2140 emittant
744 2128 758 2147 ,
787 2117 830 2140 ac
843 2103 1083 2151 profiteantur
1097 2128 1111 2147 ‚
1141 2117 1182 2140 αι·
1195 2101 1268 2151 post
1282 2101 1500 2147 emiffi'onem,

174 2157 219 2197 ὠ·
230 2154 461 2203 proseffionem
480 2153 594 2188 eidem
613 2153 789 2202 clausurae
794 2154 1014 2208 subjaceant
1030 2166 1039 2192 ζ
1069 2156 1163 2204 quod
1180 2154 1213 2202 fi
1227 2153 1474 2201 recusaverint
1486 2174 1502 2194 2

177 2209 221 2249 ἐς·
235 2206 364 2253 aliqua
378 2217 422 2241 ex
441 2207 489 2240 eis
506 2205 662 2243 inventae
671 2207 1034 2256 fuerintscandalose
1055 2209 1200 2249 vivere,
1208 2206 1425 2251 severiffime
1435 2212 1505 2251 pu·

175 2261 327 2295 niantur
340 2271 353 2296 ‚·
383 2259 517 2294 caeteris
534 2265 652 2293 autem
668 2261 885 2307 omnibus-fic
900 2260 1029 2309 absque
1060 2261 1229 2306 emiffi'one
1245 2256 1464 2303 Profeffiom‘s
1484 2277 1500 2298 ,

178 2314 224 2354 (ξφ
238 2309 405 2356 clausura
422 2312 552 2346 vivere
575 2310 710 2345 omnino
736 2311 936 2348 volentibus
952 2335 964 2355 ‚
993 2311 1246 2348 interdicimus
1261 2333 1274 2352 ‚
1304 2309 1348 2350 &⁴
1369 2315 1500 2354 perpe-

180 2373 240 2400 tuo
255 2363 478 2409 prohibemus
496 2384 508 2403 ‚
527 2374 568 2397 ne
582 2360 796 2406 infuturum
809 2362 922 2399 ullam
936 2363 1087 2411 amplius
1100 2362 1240 2411 prorsus
1256 2359 1410 2406 insuam
1425 2359 1501 2395 Or-

177 2416 299 2451 dinem
317 2439 330 2457 ,
360 2413 584 2461 Religionem
597 2437 609 2456 ‚
642 2414 1002 2459 Congregationemve
1027 2417 1202 2462 recipiant
1218 2442 1228 2451 .
1257 2411 1368 2461 Qfl
1371 2410 1404 2458 st
1419 2422 1500 2446 6⁰75·

181 2477 239 2504 tra
255 2465 456 2517 hujusmodi
472 2468 562 2503 hanc
583 2466 731 2512 nostram
743 2465 1015 2512 prohibitionem
1031 2491 1044 2509 ‚
1075 2468 1118 2508 (ς’
1136 2467 1320 2501 decretam
1335 2460 1426 2500 alias
1443 2475 1502 2499 re-

178 2523 336 2567 ceperint
351 2545 365 2563 ‚
394 2532 451 2556 eas
471 2519 520 2554 ad
527 2518 580 2566 sic
594 2519 793 2555 vivendum
807 2519 943 2554 omnino
957 2516 1133 2553 inhabiles
1151 2515 1336 2553 reddimus
1357 2542 1366 2552 .

124 2569 192 2616 Ad
211 2571 416 2610 tollendos
436 2571 536 2609 verb
562 2569 696 2608 varios
713 2568 853 2608 abusus
870 2591 883 2611 ‚
898 2580 942 2606 ac
959 2568 1190 2618 quaestiones
1205 2592 1217 2611 ,
1248 2565 1367 2605 Sacra
1389 2564 1495 2604 Con-

176 2623 367 2674 gregatio
395 2634 499 2662 anno
537 2626 649 2660 1616.
679 2620 887 2671 generalia
915 2619 1048 2658 edidit
1078 2619 1259 2658 Decreta
1275 2643 1288 2663 ‚
1322 2616 1466 2668 quibus
1483 2641 1498 2660 ‚

180 2676 310 2727 quoad
328 2673 554 2714 Tertiarias
573 2686 647 2712 non
667 2673 945 2722 collegialiter
961 2672 1148 2711 viventes
1163 2671 1386 2710 constituit:
1403 2671 1498 2708 Non

181 2740 302 2767 autem
317 2730 366 2765 ad
383 2729 544 2765 habitum
558 2728 800 2764 admittendas
815 2751 826 2771 ‚
850 2728 894 2769 &¹
909 2725 1130 2774 recipiendas
1146 2724 1214 2772 effe
1228 2750 1240 2769 ‚
1270 2723 1334 2772 m'fi
1342 2724 1499 2772 probatae

185 2785 271 2821 ‘vitae
288 2806 301 2828 ‚
332 2784 375 2827 <J
393 2782 487 2821 bonis
501 2781 654 2820 moribus
662 2781 833 2831 praeditas
854 2802 868 2825 ,
897 2789 1004 2829 atque
1032 2781 1070 2817 iu
1084 2775 1189 2818 etate
1196 2776 1330 2828 saltem
1347 2789 1414 2825 40.
1429 2788 1497 2812 an-

1438 2840 1502 2865 ηοω
