<?xml version="1.0" encoding="UTF-8"?>
<!DOCTYPE html PUBLIC "-//W3C//DTD XHTML 1.0 Transitional//EN"
    "http://www.w3.org/TR/xhtml1/DTD/xhtml1-transitional.dtd">
<html xmlns="http://www.w3.org/1999/xhtml" xml:lang="en" lang="en">
 <head>
  <title>
</title>
<meta http-equiv="Content-Type" content="text/html;charset=utf-8" />
  <meta name='ocr-system' content='tesseract 3.04.00' />
  <meta name='ocr-capabilities' content='ocr_page ocr_carea ocr_par ocr_line ocrx_word'/>
</head>
<body>
  <div class='ocr_page' id='page_1' title='image "./thesaurusresolut36cath_0120.png"; bbox 0 0 2018 2952; ppageno 0'>
   <div class='ocr_carea' id='block_1_1' title="bbox 464 186 1864 2854">
    <p class='ocr_par' dir='ltr' id='par_1_1' title="bbox 515 186 1465 241">
     <span class='ocr_line' id='line_1_1' title="bbox 515 186 1465 241; baseline -0.008 -8"><span class='ocrx_word' id='word_1_1' title='bbox 515 207 587 234; x_wconf 81' lang='lat'>110</span> <span class='ocrx_word' id='word_1_2' title='bbox 1013 200 1075 226; x_wconf 66' lang='grc' dir='ltr'>ιο.</span> <span class='ocrx_word' id='word_1_3' title='bbox 1097 186 1210 237; x_wconf 69' lang='lat' dir='ltr'>Junii</span> <span class='ocrx_word' id='word_1_4' title='bbox 1233 189 1347 234; x_wconf 81' lang='lat'><strong><em>1767.</em></strong></span> <span class='ocrx_word' id='word_1_5' title='bbox 1456 236 1465 241; x_wconf 55' lang='lat'>„</span> 
     </span>
    </p>

    <p class='ocr_par' dir='ltr' id='par_1_2' title="bbox 509 238 1842 495">
     <span class='ocr_line' id='line_1_2' title="bbox 509 238 1842 292; baseline -0.002 -8"><span class='ocrx_word' id='word_1_6' title='bbox 509 255 620 285; x_wconf 85' lang='lat' dir='ltr'>cram</span> <span class='ocrx_word' id='word_1_7' title='bbox 639 239 1015 292; x_wconf 79' lang='lat' dir='ltr'>Congregationem</span> <span class='ocrx_word' id='word_1_8' title='bbox 1034 269 1043 278; x_wconf 89' lang='lat'><strong>.</strong></span> <span class='ocrx_word' id='word_1_9' title='bbox 1079 241 1225 280; x_wconf 61' lang='lat' dir='ltr'>Exorat</span> <span class='ocrx_word' id='word_1_10' title='bbox 1246 239 1374 289; x_wconf 81' lang='lat' dir='ltr'>igitur</span> <span class='ocrx_word' id='word_1_11' title='bbox 1391 261 1405 283; x_wconf 85' lang='lat'>‚</span> <span class='ocrx_word' id='word_1_12' title='bbox 1419 238 1480 277; x_wconf 84' lang='lat' dir='ltr'>&#39;ut</span> <span class='ocrx_word' id='word_1_13' title='bbox 1496 239 1562 279; x_wconf 83' lang='lat' dir='ltr'>fibi</span> <span class='ocrx_word' id='word_1_14' title='bbox 1581 240 1842 288; x_wconf 76' lang='lat' dir='ltr'>adjudicetur</span> 
     </span>
     <span class='ocr_line' id='line_1_3' title="bbox 512 291 1842 346; baseline -0.001 -11"><span class='ocrx_word' id='word_1_15' title='bbox 512 309 559 339; x_wconf 80' lang='lat' dir='ltr'>ex</span> <span class='ocrx_word' id='word_1_16' title='bbox 589 296 720 346; x_wconf 83' lang='lat' dir='ltr'>gratia</span> <span class='ocrx_word' id='word_1_17' title='bbox 754 294 861 331; x_wconf 86' lang='lat' dir='ltr'>idem</span> <span class='ocrx_word' id='word_1_18' title='bbox 896 291 1117 330; x_wconf 80' lang='lat' dir='ltr'>Subsidium</span> <span class='ocrx_word' id='word_1_19' title='bbox 1149 321 1158 331; x_wconf 93' lang='lat'><strong>.</strong></span> <span class='ocrx_word' id='word_1_20' title='bbox 1208 292 1273 330; x_wconf 90' lang='lat' dir='ltr'>Ad</span> <span class='ocrx_word' id='word_1_21' title='bbox 1306 294 1381 330; x_wconf 86' lang='lat' dir='ltr'>hoc</span> <span class='ocrx_word' id='word_1_22' title='bbox 1414 291 1716 339; x_wconf 77' lang='lat' dir='ltr'>impetrandum</span> <span class='ocrx_word' id='word_1_23' title='bbox 1734 321 1746 340; x_wconf 85' lang='lat'>‚</span> <span class='ocrx_word' id='word_1_24' title='bbox 1779 296 1842 334; x_wconf 85' lang='lat' dir='ltr'>in·</span> 
     </span>
     <span class='ocr_line' id='line_1_4' title="bbox 513 345 1842 401; baseline 0.003 -19"><span class='ocrx_word' id='word_1_25' title='bbox 513 350 603 401; x_wconf 72' lang='lat' dir='ltr'>quit</span> <span class='ocrx_word' id='word_1_26' title='bbox 630 374 643 392; x_wconf 88' lang='lat'><em>‚</em></span> <span class='ocrx_word' id='word_1_27' title='bbox 674 349 713 386; x_wconf 83' lang='lat' dir='ltr'>se</span> <span class='ocrx_word' id='word_1_28' title='bbox 733 349 879 389; x_wconf 81' lang='lat' dir='ltr'>habere</span> <span class='ocrx_word' id='word_1_29' title='bbox 916 351 1129 393; x_wconf 78' lang='lat' dir='ltr'>utramque</span> <span class='ocrx_word' id='word_1_30' title='bbox 1166 345 1411 390; x_wconf 78' lang='lat' dir='ltr'>qualitatem</span> <span class='ocrx_word' id='word_1_31' title='bbox 1431 347 1699 392; x_wconf 75' lang='lat' dir='ltr'><strong>paupertatis,</strong></span> <span class='ocrx_word' id='word_1_32' title='bbox 1717 349 1755 387; x_wconf 65' lang='grc' dir='ltr'>ὃς</span> <span class='ocrx_word' id='word_1_33' title='bbox 1771 347 1842 386; x_wconf 75' lang='lat' dir='ltr'>Ci-</span> 
     </span>
     <span class='ocr_line' id='line_1_5' title="bbox 515 394 1842 447; baseline 0 -8"><span class='ocrx_word' id='word_1_34' title='bbox 515 401 702 440; x_wconf 73' lang='lat' dir='ltr'>vilitatis</span> <span class='ocrx_word' id='word_1_35' title='bbox 722 411 742 437; x_wconf 89' lang='lat' dir='ltr'>a</span> <span class='ocrx_word' id='word_1_36' title='bbox 761 397 974 438; x_wconf 64' lang='lat' dir='ltr'>‘l‘estatore</span> <span class='ocrx_word' id='word_1_37' title='bbox 996 396 1227 447; x_wconf 80' lang='lat' dir='ltr'>requisitam</span> <span class='ocrx_word' id='word_1_38' title='bbox 1245 410 1260 440; x_wconf 63' lang='grc' dir='ltr'>,ς</span> <span class='ocrx_word' id='word_1_39' title='bbox 1288 408 1365 436; x_wconf 86' lang='lat' dir='ltr'>non</span> <span class='ocrx_word' id='word_1_40' title='bbox 1381 394 1488 446; x_wconf 83' lang='lat' dir='ltr'>posse</span> <span class='ocrx_word' id='word_1_41' title='bbox 1506 399 1671 446; x_wconf 77' lang='lat' dir='ltr'>proinde</span> <span class='ocrx_word' id='word_1_42' title='bbox 1687 400 1753 438; x_wconf 88' lang='lat' dir='ltr'>sibi</span> <span class='ocrx_word' id='word_1_43' title='bbox 1771 399 1842 440; x_wconf 90' lang='lat' dir='ltr'>de·-</span> 
     </span>
     <span class='ocr_line' id='line_1_6' title="bbox 517 466 684 495; baseline -0.018 0"><span class='ocrx_word' id='word_1_44' title='bbox 517 467 568 495; x_wconf 79' lang='lat' dir='ltr'>ne</span> <span class='ocrx_word' id='word_1_45' title='bbox 602 466 659 493; x_wconf 79' lang='lat' dir='ltr'>ari</span> <span class='ocrx_word' id='word_1_46' title='bbox 675 482 684 493; x_wconf 86' lang='lat'>.</span> 
     </span>
    </p>

    <p class='ocr_par' dir='ltr' id='par_1_3' title="bbox 464 468 1848 1393">
     <span class='ocr_line' id='line_1_7' title="bbox 464 468 1834 550; baseline -0.001 -4"><span class='ocrx_word' id='word_1_47' title='bbox 464 505 511 546; x_wconf 80' lang='lat' dir='ltr'>E&#39;</span> <span class='ocrx_word' id='word_1_48' title='bbox 529 468 725 545; x_wconf 72' lang='lat' dir='ltr'>cognverso</span> <span class='ocrx_word' id='word_1_49' title='bbox 743 503 920 543; x_wconf 77' lang='lat' dir='ltr'>haeredes</span> <span class='ocrx_word' id='word_1_50' title='bbox 938 503 1136 544; x_wconf 82' lang='lat' dir='ltr'>fiduciarii</span> <span class='ocrx_word' id='word_1_51' title='bbox 1154 528 1166 548; x_wconf 86' lang='lat'>‚</span> <span class='ocrx_word' id='word_1_52' title='bbox 1186 505 1223 544; x_wconf 68' lang='grc' dir='ltr'>ὃς</span> <span class='ocrx_word' id='word_1_53' title='bbox 1240 516 1335 541; x_wconf 89' lang='lat' dir='ltr'>cum</span> <span class='ocrx_word' id='word_1_54' title='bbox 1358 503 1445 550; x_wconf 87' lang='lat' dir='ltr'>ipfis</span> <span class='ocrx_word' id='word_1_55' title='bbox 1464 504 1596 544; x_wconf 88' lang='lat' dir='ltr'>Maria</span> <span class='ocrx_word' id='word_1_56' title='bbox 1613 505 1834 544; x_wconf 85' lang='lat' dir='ltr'>Dominica</span> 
     </span>
     <span class='ocr_line' id='line_1_8' title="bbox 513 555 1834 607; baseline -0.001 -10"><span class='ocrx_word' id='word_1_57' title='bbox 513 559 661 599; x_wconf 72' lang='lat' dir='ltr'>C-esari</span> <span class='ocrx_word' id='word_1_58' title='bbox 693 556 904 602; x_wconf 81' lang='lat' dir='ltr'>excipiunt</span> <span class='ocrx_word' id='word_1_59' title='bbox 924 580 936 598; x_wconf 86' lang='lat'>‚</span> <span class='ocrx_word' id='word_1_60' title='bbox 970 569 1055 595; x_wconf 87' lang='lat' dir='ltr'>rem</span> <span class='ocrx_word' id='word_1_61' title='bbox 1085 569 1162 596; x_wconf 92' lang='lat' dir='ltr'>non</span> <span class='ocrx_word' id='word_1_62' title='bbox 1183 555 1259 596; x_wconf 78' lang='lat' dir='ltr'>esse</span> <span class='ocrx_word' id='word_1_63' title='bbox 1290 557 1464 604; x_wconf 86' lang='lat' dir='ltr'>amplius</span> <span class='ocrx_word' id='word_1_64' title='bbox 1493 557 1721 607; x_wconf 83' lang='lat' dir='ltr'>integram:</span> <span class='ocrx_word' id='word_1_65' title='bbox 1751 558 1834 606; x_wconf 83' lang='lat' dir='ltr'>Agi</span> 
     </span>
     <span class='ocr_line' id='line_1_9' title="bbox 515 608 1840 654; baseline -0.001 -5"><span class='ocrx_word' id='word_1_66' title='bbox 515 612 583 652; x_wconf 88' lang='lat' dir='ltr'>hie</span> <span class='ocrx_word' id='word_1_67' title='bbox 602 611 651 649; x_wconf 90' lang='lat' dir='ltr'>de</span> <span class='ocrx_word' id='word_1_68' title='bbox 669 608 848 649; x_wconf 89' lang='lat' dir='ltr'>Subsidio</span> <span class='ocrx_word' id='word_1_69' title='bbox 872 609 953 653; x_wconf 81' lang='lat' dir='ltr'>jam</span> <span class='ocrx_word' id='word_1_70' title='bbox 974 608 1187 648; x_wconf 79' lang='lat' dir='ltr'>distributo</span> <span class='ocrx_word' id='word_1_71' title='bbox 1207 639 1216 648; x_wconf 89' lang='lat'><strong><em>.</em></strong></span> <span class='ocrx_word' id='word_1_72' title='bbox 1246 608 1512 647; x_wconf 82' lang='lat' dir='ltr'>contendunt</span> <span class='ocrx_word' id='word_1_73' title='bbox 1534 635 1545 654; x_wconf 89' lang='lat'>,</span> <span class='ocrx_word' id='word_1_74' title='bbox 1564 609 1840 648; x_wconf 88' lang='lat' dir='ltr'>collationem</span> 
     </span>
     <span class='ocr_line' id='line_1_10' title="bbox 517 660 1838 711; baseline -0.002 -9"><span class='ocrx_word' id='word_1_75' title='bbox 517 665 599 703; x_wconf 77' lang='lat' dir='ltr'>tite</span> <span class='ocrx_word' id='word_1_76' title='bbox 617 689 629 707; x_wconf 88' lang='lat'>‚</span> <span class='ocrx_word' id='word_1_77' title='bbox 648 663 839 711; x_wconf 65' lang='lat' dir='ltr'>resteque</span> <span class='ocrx_word' id='word_1_78' title='bbox 856 660 1005 699; x_wconf 59' lang='lat' dir='ltr'>factam</span> <span class='ocrx_word' id='word_1_79' title='bbox 1024 661 1140 701; x_wconf 78' lang='lat' dir='ltr'>fuisse</span> <span class='ocrx_word' id='word_1_80' title='bbox 1158 661 1378 699; x_wconf 88' lang='lat' dir='ltr'>secundum</span> <span class='ocrx_word' id='word_1_81' title='bbox 1397 670 1581 701; x_wconf 78' lang='lat' dir='ltr'><strong>mentem</strong></span> <span class='ocrx_word' id='word_1_82' title='bbox 1602 661 1838 700; x_wconf 85' lang='lat' dir='ltr'>Testatoris:</span> 
     </span>
     <span class='ocr_line' id='line_1_11' title="bbox 517 712 1841 764; baseline -0.001 -11"><span class='ocrx_word' id='word_1_83' title='bbox 517 717 722 764; x_wconf 62' lang='lat' dir='ltr'>perat‘tam</span> <span class='ocrx_word' id='word_1_84' title='bbox 741 712 855 752; x_wconf 81' lang='lat' dir='ltr'>luisse</span> <span class='ocrx_word' id='word_1_85' title='bbox 876 714 913 751; x_wconf 90' lang='lat' dir='ltr'>in</span> <span class='ocrx_word' id='word_1_86' title='bbox 932 714 1173 753; x_wconf 86' lang='lat' dir='ltr'>beneficium</span> <span class='ocrx_word' id='word_1_87' title='bbox 1195 714 1339 759; x_wconf 84' lang='lat' dir='ltr'>puellae</span> <span class='ocrx_word' id='word_1_88' title='bbox 1374 714 1561 762; x_wconf 87' lang='lat' dir='ltr'>pauperis</span> <span class='ocrx_word' id='word_1_89' title='bbox 1592 716 1741 752; x_wconf 79' lang='lat' dir='ltr'>orbatae</span> <span class='ocrx_word' id='word_1_90' title='bbox 1769 714 1841 753; x_wconf 90' lang='lat' dir='ltr'>suo</span> 
     </span>
     <span class='ocr_line' id='line_1_12' title="bbox 517 765 1842 814; baseline -0.002 -8"><span class='ocrx_word' id='word_1_91' title='bbox 517 768 720 807; x_wconf 75' lang='lat' dir='ltr'>Genitore</span> <span class='ocrx_word' id='word_1_92' title='bbox 739 794 752 811; x_wconf 83' lang='lat'>‚</span> <span class='ocrx_word' id='word_1_93' title='bbox 781 767 819 805; x_wconf 52' lang='grc' dir='ltr'>ἃ</span> <span class='ocrx_word' id='word_1_94' title='bbox 835 767 1042 805; x_wconf 59' lang='lat' dir='ltr'>derelictae</span> <span class='ocrx_word' id='word_1_95' title='bbox 1061 779 1080 804; x_wconf 90' lang='lat' dir='ltr'>a</span> <span class='ocrx_word' id='word_1_96' title='bbox 1101 775 1259 811; x_wconf 85' lang='lat' dir='ltr'>matre,</span> <span class='ocrx_word' id='word_1_97' title='bbox 1291 765 1356 804; x_wconf 91' lang='lat' dir='ltr'>cui</span> <span class='ocrx_word' id='word_1_98' title='bbox 1378 766 1533 814; x_wconf 77' lang='lat' dir='ltr'>placuit</span> <span class='ocrx_word' id='word_1_99' title='bbox 1565 766 1613 806; x_wconf 89' lang='lat' dir='ltr'>ad</span> <span class='ocrx_word' id='word_1_100' title='bbox 1645 765 1842 806; x_wconf 86' lang='lat' dir='ltr'>secundas</span> 
     </span>
     <span class='ocr_line' id='line_1_13' title="bbox 515 817 1841 869; baseline -0.002 -9"><span class='ocrx_word' id='word_1_101' title='bbox 515 829 680 868; x_wconf 84' lang='lat' dir='ltr'>nuptias</span> <span class='ocrx_word' id='word_1_102' title='bbox 695 820 918 858; x_wconf 84' lang='lat' dir='ltr'>convolare</span> <span class='ocrx_word' id='word_1_103' title='bbox 933 832 946 857; x_wconf 74' lang='grc'>,-</span> <span class='ocrx_word' id='word_1_104' title='bbox 960 819 1024 857; x_wconf 89' lang='lat' dir='ltr'>De</span> <span class='ocrx_word' id='word_1_105' title='bbox 1044 819 1237 869; x_wconf 79' lang='lat' dir='ltr'>requisito</span> <span class='ocrx_word' id='word_1_106' title='bbox 1258 826 1474 862; x_wconf 71' lang='lat' dir='ltr'>propterea</span> <span class='ocrx_word' id='word_1_107' title='bbox 1492 817 1743 868; x_wconf 79' lang='lat' dir='ltr'>paupertatis</span> <span class='ocrx_word' id='word_1_108' title='bbox 1760 830 1841 857; x_wconf 89' lang='lat' dir='ltr'>non</span> 
     </span>
     <span class='ocr_line' id='line_1_14' title="bbox 516 870 1842 923; baseline -0.002 -12"><span class='ocrx_word' id='word_1_109' title='bbox 516 872 626 923; x_wconf 77' lang='lat' dir='ltr'>poffe</span> <span class='ocrx_word' id='word_1_110' title='bbox 643 870 821 910; x_wconf 81' lang='lat' dir='ltr'>dubitari</span> <span class='ocrx_word' id='word_1_111' title='bbox 841 900 850 909; x_wconf 87' lang='lat'><strong>.</strong></span> <span class='ocrx_word' id='word_1_112' title='bbox 884 870 933 907; x_wconf 78' lang='lat' dir='ltr'>Et</span> <span class='ocrx_word' id='word_1_113' title='bbox 953 884 1084 920; x_wconf 83' lang='lat' dir='ltr'>neque</span> <span class='ocrx_word' id='word_1_114' title='bbox 1103 871 1240 909; x_wconf 86' lang='lat' dir='ltr'>vereri</span> <span class='ocrx_word' id='word_1_115' title='bbox 1258 870 1362 917; x_wconf 72' lang='lat' dir='ltr'>polse</span> <span class='ocrx_word' id='word_1_116' title='bbox 1390 871 1439 909; x_wconf 88' lang='lat' dir='ltr'>de</span> <span class='ocrx_word' id='word_1_117' title='bbox 1456 872 1658 920; x_wconf 77' lang='lat' dir='ltr'>qualitate</span> <span class='ocrx_word' id='word_1_118' title='bbox 1676 870 1842 915; x_wconf 85' lang='lat' dir='ltr'>Civica,</span> 
     </span>
     <span class='ocr_line' id='line_1_15' title="bbox 518 922 1844 976; baseline -0.001 -13"><span class='ocrx_word' id='word_1_119' title='bbox 518 937 641 976; x_wconf 81' lang='lat' dir='ltr'>quum</span> <span class='ocrx_word' id='word_1_120' title='bbox 665 925 744 971; x_wconf 84' lang='lat' dir='ltr'>ipsa</span> <span class='ocrx_word' id='word_1_121' title='bbox 763 923 811 962; x_wconf 91' lang='lat' dir='ltr'>ab</span> <span class='ocrx_word' id='word_1_122' title='bbox 828 922 942 960; x_wconf 89' lang='lat' dir='ltr'>annis</span> <span class='ocrx_word' id='word_1_123' title='bbox 958 923 1178 962; x_wconf 80' lang='lat' dir='ltr'>duodecim</span> <span class='ocrx_word' id='word_1_124' title='bbox 1199 949 1211 967; x_wconf 87' lang='lat'><strong>‚</strong></span> <span class='ocrx_word' id='word_1_125' title='bbox 1241 923 1278 962; x_wconf 72' lang='lat'>3&lt;</span> <span class='ocrx_word' id='word_1_126' title='bbox 1298 924 1406 962; x_wconf 89' lang='lat' dir='ltr'>ultra</span> <span class='ocrx_word' id='word_1_127' title='bbox 1439 923 1663 962; x_wconf 87' lang='lat' dir='ltr'>incolatum</span> <span class='ocrx_word' id='word_1_128' title='bbox 1692 924 1844 962; x_wconf 86' lang='lat' dir='ltr'>habeat</span> 
     </span>
     <span class='ocr_line' id='line_1_16' title="bbox 516 974 1844 1025; baseline -0.002 -9"><span class='ocrx_word' id='word_1_129' title='bbox 516 979 559 1016; x_wconf 84' lang='lat' dir='ltr'>iii</span> <span class='ocrx_word' id='word_1_130' title='bbox 578 977 766 1016; x_wconf 88' lang='lat' dir='ltr'>Civitate</span> <span class='ocrx_word' id='word_1_131' title='bbox 786 974 948 1021; x_wconf 70' lang='lat' dir='ltr'>imolae:</span> <span class='ocrx_word' id='word_1_132' title='bbox 974 976 1066 1025; x_wconf 86' lang='lat' dir='ltr'>Jura</span> <span class='ocrx_word' id='word_1_133' title='bbox 1100 976 1283 1017; x_wconf 86' lang='lat' dir='ltr'>universa</span> <span class='ocrx_word' id='word_1_134' title='bbox 1300 1000 1312 1018; x_wconf 86' lang='lat'>‚</span> <span class='ocrx_word' id='word_1_135' title='bbox 1334 976 1369 1014; x_wconf 70' lang='lat' dir='ltr'>Sc</span> <span class='ocrx_word' id='word_1_136' title='bbox 1387 978 1559 1015; x_wconf 81' lang='lat' dir='ltr'>honores</span> <span class='ocrx_word' id='word_1_137' title='bbox 1577 987 1717 1015; x_wconf 90' lang='lat' dir='ltr'>omnes</span> <span class='ocrx_word' id='word_1_138' title='bbox 1734 987 1844 1013; x_wconf 77' lang='lat' dir='ltr'>verae</span> 
     </span>
     <span class='ocr_line' id='line_1_17' title="bbox 518 1027 1843 1079; baseline -0.003 -11"><span class='ocrx_word' id='word_1_139' title='bbox 518 1029 751 1069; x_wconf 74' lang='lat' dir='ltr'>Civilitatis</span> <span class='ocrx_word' id='word_1_140' title='bbox 785 1028 865 1065; x_wconf 89' lang='lat' dir='ltr'>sola</span> <span class='ocrx_word' id='word_1_141' title='bbox 881 1028 1026 1068; x_wconf 89' lang='lat' dir='ltr'>decem</span> <span class='ocrx_word' id='word_1_142' title='bbox 1046 1041 1241 1067; x_wconf 87' lang='lat' dir='ltr'>annorum</span> <span class='ocrx_word' id='word_1_143' title='bbox 1260 1029 1518 1068; x_wconf 79' lang='lat' dir='ltr'>habitatione</span> <span class='ocrx_word' id='word_1_144' title='bbox 1535 1027 1691 1079; x_wconf 89' lang='lat' dir='ltr'>acquiri</span> <span class='ocrx_word' id='word_1_145' title='bbox 1706 1041 1719 1068; x_wconf 66' lang='lat'>‚⁴</span> <span class='ocrx_word' id='word_1_146' title='bbox 1742 1027 1843 1066; x_wconf 77' lang='lat' dir='ltr'>Eam</span> 
     </span>
     <span class='ocr_line' id='line_1_18' title="bbox 519 1079 1848 1132; baseline -0.001 -13"><span class='ocrx_word' id='word_1_147' title='bbox 519 1082 688 1132; x_wconf 76' lang='lat' dir='ltr'>proinde</span> <span class='ocrx_word' id='word_1_148' title='bbox 711 1080 849 1122; x_wconf 85' lang='lat' dir='ltr'>venire</span> <span class='ocrx_word' id='word_1_149' title='bbox 868 1082 1031 1122; x_wconf 87' lang='lat' dir='ltr'>nomine</span> <span class='ocrx_word' id='word_1_150' title='bbox 1051 1081 1286 1123; x_wconf 84' lang='lat' dir='ltr'>Puellarum</span> <span class='ocrx_word' id='word_1_151' title='bbox 1309 1080 1567 1120; x_wconf 88' lang='lat' dir='ltr'>lmolenfium</span> <span class='ocrx_word' id='word_1_152' title='bbox 1587 1107 1598 1125; x_wconf 88' lang='lat'><strong>‚</strong></span> <span class='ocrx_word' id='word_1_153' title='bbox 1618 1092 1741 1130; x_wconf 88' lang='lat' dir='ltr'>quum</span> <span class='ocrx_word' id='word_1_154' title='bbox 1760 1079 1848 1118; x_wconf 84' lang='lat' dir='ltr'>Te·</span> 
     </span>
     <span class='ocr_line' id='line_1_19' title="bbox 518 1133 1844 1184; baseline -0.002 -10"><span class='ocrx_word' id='word_1_155' title='bbox 518 1138 640 1174; x_wconf 85' lang='lat' dir='ltr'>stator</span> <span class='ocrx_word' id='word_1_156' title='bbox 662 1133 824 1172; x_wconf 85' lang='lat' dir='ltr'>Puellas</span> <span class='ocrx_word' id='word_1_157' title='bbox 854 1133 1076 1173; x_wconf 87' lang='lat' dir='ltr'>Imolenl&#39;es</span> <span class='ocrx_word' id='word_1_158' title='bbox 1110 1133 1319 1173; x_wconf 83' lang='lat' dir='ltr'>vocaverit</span> <span class='ocrx_word' id='word_1_159' title='bbox 1348 1135 1494 1184; x_wconf 80' lang='lat' dir='ltr'>absque</span> <span class='ocrx_word' id='word_1_160' title='bbox 1524 1133 1799 1182; x_wconf 78' lang='lat' dir='ltr'>defiguatione</span> <span class='ocrx_word' id='word_1_161' title='bbox 1829 1157 1844 1177; x_wconf 88' lang='lat'>‚</span> 
     </span>
     <span class='ocr_line' id='line_1_20' title="bbox 521 1184 1843 1238; baseline -0.003 -12"><span class='ocrx_word' id='word_1_162' title='bbox 521 1186 627 1238; x_wconf 87' lang='lat' dir='ltr'>quod</span> <span class='ocrx_word' id='word_1_163' title='bbox 649 1195 749 1224; x_wconf 76' lang='lat' dir='ltr'>nata:</span> <span class='ocrx_word' id='word_1_164' title='bbox 763 1184 887 1226; x_wconf 81' lang='lat' dir='ltr'>essent</span> <span class='ocrx_word' id='word_1_165' title='bbox 909 1187 1043 1225; x_wconf 78' lang='lat' dir='ltr'>lmolae</span> <span class='ocrx_word' id='word_1_166' title='bbox 1079 1197 1087 1222; x_wconf 94' lang='lat'>:</span> <span class='ocrx_word' id='word_1_167' title='bbox 1119 1186 1173 1227; x_wconf 82' lang='lat' dir='ltr'>Ea</span> <span class='ocrx_word' id='word_1_168' title='bbox 1191 1186 1469 1235; x_wconf 80' lang='lat' dir='ltr'>appellatione</span> <span class='ocrx_word' id='word_1_169' title='bbox 1490 1186 1671 1233; x_wconf 82' lang='lat' dir='ltr'>intelligi</span> <span class='ocrx_word' id='word_1_170' title='bbox 1702 1197 1843 1232; x_wconf 47' lang='lat' dir='ltr'>aequej</span> 
     </span>
     <span class='ocr_line' id='line_1_21' title="bbox 519 1236 1841 1288; baseline -0.004 -9"><span class='ocrx_word' id='word_1_171' title='bbox 519 1237 778 1287; x_wconf 74' lang='lat' dir='ltr'>originarias,</span> <span class='ocrx_word' id='word_1_172' title='bbox 794 1250 838 1275; x_wconf 89' lang='lat' dir='ltr'>ac</span> <span class='ocrx_word' id='word_1_173' title='bbox 860 1241 966 1282; x_wconf 81' lang='lat' dir='ltr'>illas,</span> <span class='ocrx_word' id='word_1_174' title='bbox 989 1251 1072 1288; x_wconf 64' lang='lat' dir='ltr'>quae</span> <span class='ocrx_word' id='word_1_175' title='bbox 1092 1239 1155 1276; x_wconf 89' lang='lat' dir='ltr'>vel</span> <span class='ocrx_word' id='word_1_176' title='bbox 1174 1238 1417 1287; x_wconf 85' lang='lat' dir='ltr'>privilegio,</span> <span class='ocrx_word' id='word_1_177' title='bbox 1433 1239 1497 1276; x_wconf 90' lang='lat' dir='ltr'>vel</span> <span class='ocrx_word' id='word_1_178' title='bbox 1521 1239 1705 1277; x_wconf 81' lang='lat' dir='ltr'>incolatu</span> <span class='ocrx_word' id='word_1_179' title='bbox 1722 1236 1841 1275; x_wconf 82' lang='lat' dir='ltr'>Civi-</span> 
     </span>
     <span class='ocr_line' id='line_1_22' title="bbox 522 1289 1845 1342; baseline -0.002 -13"><span class='ocrx_word' id='word_1_180' title='bbox 522 1292 689 1330; x_wconf 88' lang='lat' dir='ltr'>litatem</span> <span class='ocrx_word' id='word_1_181' title='bbox 710 1291 968 1340; x_wconf 69' lang='lat' dir='ltr'>acquisierint</span> <span class='ocrx_word' id='word_1_182' title='bbox 989 1316 999 1335; x_wconf 91' lang='lat'><strong><em>‚</em></strong></span> <span class='ocrx_word' id='word_1_183' title='bbox 1020 1290 1056 1329; x_wconf 90' lang='lat' dir='ltr'>in</span> <span class='ocrx_word' id='word_1_184' title='bbox 1079 1302 1119 1328; x_wconf 90' lang='lat' dir='ltr'>re</span> <span class='ocrx_word' id='word_1_185' title='bbox 1140 1291 1361 1336; x_wconf 79' lang='lat' dir='ltr'>praesertim</span> <span class='ocrx_word' id='word_1_186' title='bbox 1379 1289 1622 1335; x_wconf 82' lang='lat' dir='ltr'>favorabili,</span> <span class='ocrx_word' id='word_1_187' title='bbox 1638 1290 1771 1342; x_wconf 88' lang='lat' dir='ltr'>qualis</span> <span class='ocrx_word' id='word_1_188' title='bbox 1790 1290 1845 1328; x_wconf 87' lang='lat' dir='ltr'>est</span> 
     </span>
     <span class='ocr_line' id='line_1_23' title="bbox 523 1343 1323 1393; baseline 0.003 -12"><span class='ocrx_word' id='word_1_189' title='bbox 523 1345 589 1393; x_wconf 86' lang='lat' dir='ltr'>pia</span> <span class='ocrx_word' id='word_1_190' title='bbox 607 1343 776 1392; x_wconf 83' lang='lat' dir='ltr'>largitio</span> <span class='ocrx_word' id='word_1_191' title='bbox 796 1343 1000 1387; x_wconf 82' lang='lat' dir='ltr'>dotalium</span> <span class='ocrx_word' id='word_1_192' title='bbox 1022 1343 1295 1383; x_wconf 81' lang='lat' dir='ltr'>Subsidiorum</span> <span class='ocrx_word' id='word_1_193' title='bbox 1314 1372 1323 1383; x_wconf 90' lang='lat'><em>.</em></span> 
     </span>
    </p>

    <p class='ocr_par' dir='ltr' id='par_1_4' title="bbox 471 1393 1849 1705">
     <span class='ocr_line' id='line_1_24' title="bbox 471 1393 1845 1444; baseline -0.003 -10"><span class='ocrx_word' id='word_1_194' title='bbox 471 1398 584 1439; x_wconf 81' lang='lat' dir='ltr'>Huic</span> <span class='ocrx_word' id='word_1_195' title='bbox 604 1395 839 1434; x_wconf 60' lang='lat' dir='ltr'>iiitelleftui</span> <span class='ocrx_word' id='word_1_196' title='bbox 860 1399 975 1435; x_wconf 88' lang='lat' dir='ltr'>robur</span> <span class='ocrx_word' id='word_1_197' title='bbox 994 1393 1142 1433; x_wconf 84' lang='lat' dir='ltr'>dedisse</span> <span class='ocrx_word' id='word_1_198' title='bbox 1160 1394 1569 1441; x_wconf 75' lang='lat' dir='ltr'>putantPontificium</span> <span class='ocrx_word' id='word_1_199' title='bbox 1583 1395 1845 1444; x_wconf 81' lang='lat' dir='ltr'>rescriptum,</span> 
     </span>
     <span class='ocr_line' id='line_1_25' title="bbox 521 1443 1846 1498; baseline 0.001 -14"><span class='ocrx_word' id='word_1_200' title='bbox 521 1461 603 1498; x_wconf 89' lang='lat' dir='ltr'>quo</span> <span class='ocrx_word' id='word_1_201' title='bbox 622 1446 781 1485; x_wconf 80' lang='lat' dir='ltr'>firmam</span> <span class='ocrx_word' id='word_1_202' title='bbox 810 1449 947 1488; x_wconf 83' lang='lat' dir='ltr'>haberi</span> <span class='ocrx_word' id='word_1_203' title='bbox 967 1447 1200 1494; x_wconf 79' lang='lat' dir='ltr'>praecipitur</span> <span class='ocrx_word' id='word_1_204' title='bbox 1233 1446 1396 1484; x_wconf 89' lang='lat' dir='ltr'>dotium</span> <span class='ocrx_word' id='word_1_205' title='bbox 1430 1448 1753 1486; x_wconf 85' lang='lat' dir='ltr'>distributionem</span> <span class='ocrx_word' id='word_1_206' title='bbox 1784 1443 1846 1485; x_wconf 83' lang='lat' dir='ltr'>fa·</span> 
     </span>
     <span class='ocr_line' id='line_1_26' title="bbox 527 1498 1849 1550; baseline -0.002 -11"><span class='ocrx_word' id='word_1_207' title='bbox 527 1503 633 1541; x_wconf 69' lang='lat' dir='ltr'>&lt;stam</span> <span class='ocrx_word' id='word_1_208' title='bbox 651 1502 695 1537; x_wconf 88' lang='lat' dir='ltr'>ab</span> <span class='ocrx_word' id='word_1_209' title='bbox 713 1499 940 1540; x_wconf 47' lang='lat' dir='ltr'>haeredibus</span> <span class='ocrx_word' id='word_1_210' title='bbox 954 1498 1175 1542; x_wconf 81' lang='lat' dir='ltr'>fiduciariis</span> <span class='ocrx_word' id='word_1_211' title='bbox 1195 1524 1207 1541; x_wconf 80' lang='lat'><strong>‚</strong></span> <span class='ocrx_word' id='word_1_212' title='bbox 1247 1498 1464 1546; x_wconf 69' lang='lat' dir='ltr'>praesertim</span> <span class='ocrx_word' id='word_1_213' title='bbox 1484 1512 1609 1550; x_wconf 90' lang='lat' dir='ltr'>quum</span> <span class='ocrx_word' id='word_1_214' title='bbox 1629 1499 1731 1538; x_wconf 91' lang='lat' dir='ltr'>nulli</span> <span class='ocrx_word' id='word_1_215' title='bbox 1750 1498 1849 1538; x_wconf 81' lang='lat' dir='ltr'>alli-</span> 
     </span>
     <span class='ocr_line' id='line_1_27' title="bbox 524 1550 1848 1604; baseline -0.001 -13"><span class='ocrx_word' id='word_1_216' title='bbox 524 1562 668 1604; x_wconf 88' lang='lat' dir='ltr'>gatum</span> <span class='ocrx_word' id='word_1_217' title='bbox 685 1550 813 1591; x_wconf 79' lang='lat' dir='ltr'>fuerit</span> <span class='ocrx_word' id='word_1_218' title='bbox 827 1551 1057 1592; x_wconf 88' lang='lat' dir='ltr'>conditioni</span> <span class='ocrx_word' id='word_1_219' title='bbox 1080 1574 1093 1593; x_wconf 85' lang='lat'>‚</span> <span class='ocrx_word' id='word_1_220' title='bbox 1125 1560 1326 1600; x_wconf 86' lang='lat' dir='ltr'>quatenus</span> <span class='ocrx_word' id='word_1_221' title='bbox 1345 1550 1572 1590; x_wconf 88' lang='lat' dir='ltr'>distributio</span> <span class='ocrx_word' id='word_1_222' title='bbox 1591 1553 1629 1590; x_wconf 89' lang='lat' dir='ltr'>in</span> <span class='ocrx_word' id='word_1_223' title='bbox 1649 1552 1812 1591; x_wconf 86' lang='lat' dir='ltr'>Puellas</span> <span class='ocrx_word' id='word_1_224' title='bbox 1831 1574 1848 1594; x_wconf 70' lang='lat'>2</span> 
     </span>
     <span class='ocr_line' id='line_1_28' title="bbox 528 1600 1845 1656; baseline -0.002 -13"><span class='ocrx_word' id='word_1_225' title='bbox 528 1617 612 1656; x_wconf 80' lang='lat' dir='ltr'>quae</span> <span class='ocrx_word' id='word_1_226' title='bbox 632 1601 758 1642; x_wconf 65' lang='lat' dir='ltr'>essent</span> <span class='ocrx_word' id='word_1_227' title='bbox 774 1616 943 1649; x_wconf 86' lang='lat' dir='ltr'>capaces</span> <span class='ocrx_word' id='word_1_228' title='bbox 961 1628 975 1646; x_wconf 87' lang='lat'>‚</span> <span class='ocrx_word' id='word_1_229' title='bbox 1005 1601 1111 1640; x_wconf 68' lang='lat' dir='ltr'>fat‘ta</span> <span class='ocrx_word' id='word_1_230' title='bbox 1129 1600 1291 1641; x_wconf 83' lang='lat' dir='ltr'>fuiffet:</span> <span class='ocrx_word' id='word_1_231' title='bbox 1323 1602 1416 1641; x_wconf 89' lang='lat' dir='ltr'>Hoc</span> <span class='ocrx_word' id='word_1_232' title='bbox 1447 1602 1540 1641; x_wconf 90' lang='lat' dir='ltr'>satis</span> <span class='ocrx_word' id='word_1_233' title='bbox 1561 1602 1638 1642; x_wconf 73' lang='lat' dir='ltr'>elle</span> <span class='ocrx_word' id='word_1_234' title='bbox 1658 1627 1672 1647; x_wconf 89' lang='lat'>‚</span> <span class='ocrx_word' id='word_1_235' title='bbox 1700 1615 1749 1642; x_wconf 87' lang='lat' dir='ltr'>ue</span> <span class='ocrx_word' id='word_1_236' title='bbox 1770 1604 1845 1642; x_wconf 81' lang='lat' dir='ltr'>illa</span> 
     </span>
     <span class='ocr_line' id='line_1_29' title="bbox 527 1654 1147 1705; baseline -0.005 -9"><span class='ocrx_word' id='word_1_237' title='bbox 527 1669 571 1696; x_wconf 83' lang='lat' dir='ltr'>ex</span> <span class='ocrx_word' id='word_1_238' title='bbox 592 1656 737 1705; x_wconf 92' lang='lat' dir='ltr'>quovis</span> <span class='ocrx_word' id='word_1_239' title='bbox 755 1662 891 1699; x_wconf 85' lang='lat' dir='ltr'>capite</span> <span class='ocrx_word' id='word_1_240' title='bbox 913 1654 1027 1694; x_wconf 87' lang='lat' dir='ltr'>irrita</span> <span class='ocrx_word' id='word_1_241' title='bbox 1045 1654 1115 1693; x_wconf 87' lang='lat' dir='ltr'>fiat</span> <span class='ocrx_word' id='word_1_242' title='bbox 1138 1684 1147 1693; x_wconf 90' lang='lat'><strong>.</strong></span> 
     </span>
    </p>

    <p class='ocr_par' dir='ltr' id='par_1_5' title="bbox 473 1705 1852 2175">
     <span class='ocr_line' id='line_1_30' title="bbox 473 1705 1850 1756; baseline 0 -10"><span class='ocrx_word' id='word_1_243' title='bbox 473 1707 741 1749; x_wconf 85' lang='lat' dir='ltr'>Concludunt</span> <span class='ocrx_word' id='word_1_244' title='bbox 760 1707 915 1747; x_wconf 84' lang='lat' dir='ltr'>idcirco</span> <span class='ocrx_word' id='word_1_245' title='bbox 933 1733 945 1750; x_wconf 81' lang='lat'><strong>‚</strong></span> <span class='ocrx_word' id='word_1_246' title='bbox 977 1705 1128 1746; x_wconf 81' lang='lat' dir='ltr'>auferri</span> <span class='ocrx_word' id='word_1_247' title='bbox 1158 1718 1234 1745; x_wconf 91' lang='lat' dir='ltr'>non</span> <span class='ocrx_word' id='word_1_248' title='bbox 1251 1707 1355 1755; x_wconf 82' lang='lat' dir='ltr'>posse</span> <span class='ocrx_word' id='word_1_249' title='bbox 1377 1708 1523 1756; x_wconf 82' lang='lat' dir='ltr'>puellae</span> <span class='ocrx_word' id='word_1_250' title='bbox 1537 1705 1684 1746; x_wconf 77' lang='lat' dir='ltr'>Caesari</span> <span class='ocrx_word' id='word_1_251' title='bbox 1719 1706 1850 1746; x_wconf 80' lang='lat' dir='ltr'>Subfi·</span> 
     </span>
     <span class='ocr_line' id='line_1_31' title="bbox 529 1758 1849 1811; baseline -0.002 -11"><span class='ocrx_word' id='word_1_252' title='bbox 529 1761 672 1804; x_wconf 83' lang='lat' dir='ltr'>dium‚</span> <span class='ocrx_word' id='word_1_253' title='bbox 702 1762 750 1798; x_wconf 88' lang='lat' dir='ltr'>ad</span> <span class='ocrx_word' id='word_1_254' title='bbox 771 1760 878 1811; x_wconf 90' lang='lat' dir='ltr'>quod</span> <span class='ocrx_word' id='word_1_255' title='bbox 900 1760 1034 1799; x_wconf 88' lang='lat' dir='ltr'>eidem</span> <span class='ocrx_word' id='word_1_256' title='bbox 1054 1760 1259 1809; x_wconf 75' lang='lat' dir='ltr'>quaesitum</span> <span class='ocrx_word' id='word_1_257' title='bbox 1288 1762 1368 1805; x_wconf 87' lang='lat' dir='ltr'>jam</span> <span class='ocrx_word' id='word_1_258' title='bbox 1386 1761 1437 1798; x_wconf 84' lang='lat' dir='ltr'>est</span> <span class='ocrx_word' id='word_1_259' title='bbox 1463 1768 1625 1799; x_wconf 87' lang='lat' dir='ltr'>certum</span> <span class='ocrx_word' id='word_1_260' title='bbox 1650 1761 1713 1805; x_wconf 87' lang='lat' dir='ltr'>jus</span> <span class='ocrx_word' id='word_1_261' title='bbox 1741 1770 1750 1797; x_wconf 73' lang='grc' dir='ltr'>ε</span> <span class='ocrx_word' id='word_1_262' title='bbox 1781 1758 1849 1798; x_wconf 79' lang='lat' dir='ltr'>Ad</span> 
     </span>
     <span class='ocr_line' id='line_1_32' title="bbox 528 1811 1852 1858; baseline -0.004 -5"><span class='ocrx_word' id='word_1_263' title='bbox 528 1813 656 1853; x_wconf 89' lang='lat' dir='ltr'>solam</span> <span class='ocrx_word' id='word_1_264' title='bbox 690 1812 999 1853; x_wconf 80' lang='lat' dir='ltr'>aemulationem</span> <span class='ocrx_word' id='word_1_265' title='bbox 1018 1812 1101 1858; x_wconf 85' lang='lat' dir='ltr'>peti</span> <span class='ocrx_word' id='word_1_266' title='bbox 1128 1812 1175 1850; x_wconf 87' lang='lat' dir='ltr'>ab</span> <span class='ocrx_word' id='word_1_267' title='bbox 1202 1812 1321 1851; x_wconf 85' lang='lat' dir='ltr'>Anna</span> <span class='ocrx_word' id='word_1_268' title='bbox 1342 1812 1480 1856; x_wconf 91' lang='lat' dir='ltr'>Villa,</span> <span class='ocrx_word' id='word_1_269' title='bbox 1510 1821 1555 1850; x_wconf 92' lang='lat' dir='ltr'>ut</span> <span class='ocrx_word' id='word_1_270' title='bbox 1587 1814 1660 1850; x_wconf 90' lang='lat' dir='ltr'>hoc</span> <span class='ocrx_word' id='word_1_271' title='bbox 1690 1815 1752 1858; x_wconf 78' lang='lat' dir='ltr'>jus</span> <span class='ocrx_word' id='word_1_272' title='bbox 1785 1811 1852 1848; x_wconf 87' lang='lat' dir='ltr'>illi</span> 
     </span>
     <span class='ocr_line' id='line_1_33' title="bbox 530 1861 1850 1908; baseline -0.003 -4"><span class='ocrx_word' id='word_1_273' title='bbox 530 1864 738 1904; x_wconf 76' lang='lat' dir='ltr'>auferatur</span> <span class='ocrx_word' id='word_1_274' title='bbox 756 1891 769 1908; x_wconf 90' lang='lat'>‚</span> <span class='ocrx_word' id='word_1_275' title='bbox 802 1865 988 1903; x_wconf 86' lang='lat' dir='ltr'>semelae</span> <span class='ocrx_word' id='word_1_276' title='bbox 1010 1864 1189 1904; x_wconf 68' lang='lat' dir='ltr'>haeredes</span> <span class='ocrx_word' id='word_1_277' title='bbox 1205 1863 1404 1903; x_wconf 85' lang='lat' dir='ltr'>fiduciarii</span> <span class='ocrx_word' id='word_1_278' title='bbox 1423 1863 1558 1903; x_wconf 87' lang='lat' dir='ltr'>eidem</span> <span class='ocrx_word' id='word_1_279' title='bbox 1577 1864 1703 1902; x_wconf 78' lang='lat' dir='ltr'>Annae</span> <span class='ocrx_word' id='word_1_280' title='bbox 1733 1861 1850 1902; x_wconf 74' lang='lat' dir='ltr'>aliud</span> 
     </span>
     <span class='ocr_line' id='line_1_34' title="bbox 529 1915 1849 1964; baseline -0.002 -8"><span class='ocrx_word' id='word_1_281' title='bbox 529 1917 771 1957; x_wconf 58' lang='lat' dir='ltr'>obtulerunt</span> <span class='ocrx_word' id='word_1_282' title='bbox 805 1917 1028 1956; x_wconf 74' lang='lat' dir='ltr'>Subsidium</span> <span class='ocrx_word' id='word_1_283' title='bbox 1073 1929 1118 1956; x_wconf 75' lang='lat' dir='ltr'>ex</span> <span class='ocrx_word' id='word_1_284' title='bbox 1153 1915 1349 1955; x_wconf 64' lang='lat' dir='ltr'>fruc‘tibus</span> <span class='ocrx_word' id='word_1_285' title='bbox 1377 1916 1639 1955; x_wconf 85' lang='lat' dir='ltr'>decurrendis</span> <span class='ocrx_word' id='word_1_286' title='bbox 1671 1916 1849 1964; x_wconf 69' lang='lat' dir='ltr'>praestan·-</span> 
     </span>
     <span class='ocr_line' id='line_1_35' title="bbox 532 1967 1852 2017; baseline -0.002 -9"><span class='ocrx_word' id='word_1_287' title='bbox 532 1970 658 2008; x_wconf 86' lang='lat' dir='ltr'>dum:</span> <span class='ocrx_word' id='word_1_288' title='bbox 689 1967 784 2006; x_wconf 90' lang='lat' dir='ltr'>Non</span> <span class='ocrx_word' id='word_1_289' title='bbox 804 1967 881 2007; x_wconf 80' lang='lat' dir='ltr'>effe</span> <span class='ocrx_word' id='word_1_290' title='bbox 897 1978 1112 2017; x_wconf 80' lang='lat' dir='ltr'>propterea</span> <span class='ocrx_word' id='word_1_291' title='bbox 1127 1969 1384 2008; x_wconf 89' lang='lat' dir='ltr'>annuendum</span> <span class='ocrx_word' id='word_1_292' title='bbox 1410 1969 1604 2017; x_wconf 84' lang='lat' dir='ltr'>petitioni</span> <span class='ocrx_word' id='word_1_293' title='bbox 1621 1967 1852 2006; x_wconf 61' lang='lat' dir='ltr'>‹emulatio-</span> 
     </span>
     <span class='ocr_line' id='line_1_36' title="bbox 534 2018 1849 2065; baseline -0.004 -4"><span class='ocrx_word' id='word_1_294' title='bbox 534 2021 598 2061; x_wconf 86' lang='lat' dir='ltr'>nis</span> <span class='ocrx_word' id='word_1_295' title='bbox 616 2021 700 2059; x_wconf 80' lang='lat' dir='ltr'>aestu</span> <span class='ocrx_word' id='word_1_296' title='bbox 730 2021 921 2061; x_wconf 80' lang='lat' dir='ltr'>excitatae</span> <span class='ocrx_word' id='word_1_297' title='bbox 939 2045 951 2064; x_wconf 88' lang='lat'><strong>‚</strong></span> <span class='ocrx_word' id='word_1_298' title='bbox 983 2021 1020 2060; x_wconf 71' lang='lat' dir='ltr'>Sc</span> <span class='ocrx_word' id='word_1_299' title='bbox 1037 2020 1085 2060; x_wconf 88' lang='lat' dir='ltr'>ad</span> <span class='ocrx_word' id='word_1_300' title='bbox 1102 2020 1141 2059; x_wconf 89' lang='lat' dir='ltr'>id</span> <span class='ocrx_word' id='word_1_301' title='bbox 1159 2029 1321 2060; x_wconf 85' lang='lat' dir='ltr'>tantum</span> <span class='ocrx_word' id='word_1_302' title='bbox 1346 2020 1566 2065; x_wconf 88' lang='lat' dir='ltr'>tendenti,</span> <span class='ocrx_word' id='word_1_303' title='bbox 1598 2029 1643 2060; x_wconf 88' lang='lat' dir='ltr'>ut</span> <span class='ocrx_word' id='word_1_304' title='bbox 1677 2018 1818 2058; x_wconf 77' lang='lat' dir='ltr'>infelix</span> <span class='ocrx_word' id='word_1_305' title='bbox 1833 2044 1849 2064; x_wconf 91' lang='lat'>,</span> 
     </span>
     <span class='ocr_line' id='line_1_37' title="bbox 536 2071 1849 2122; baseline -0.001 -9"><span class='ocrx_word' id='word_1_306' title='bbox 536 2074 576 2113; x_wconf 82' lang='lat'>&amp;</span> <span class='ocrx_word' id='word_1_307' title='bbox 598 2072 709 2120; x_wconf 90' lang='lat' dir='ltr'>inops</span> <span class='ocrx_word' id='word_1_308' title='bbox 729 2073 866 2122; x_wconf 82' lang='lat' dir='ltr'>puella</span> <span class='ocrx_word' id='word_1_309' title='bbox 883 2074 1039 2112; x_wconf 90' lang='lat' dir='ltr'>collato</span> <span class='ocrx_word' id='word_1_310' title='bbox 1058 2072 1242 2121; x_wconf 87' lang='lat' dir='ltr'>privetur</span> <span class='ocrx_word' id='word_1_311' title='bbox 1259 2071 1482 2113; x_wconf 87' lang='lat' dir='ltr'>beneficio:</span> <span class='ocrx_word' id='word_1_312' title='bbox 1515 2072 1559 2111; x_wconf 87' lang='lat' dir='ltr'>Id</span> <span class='ocrx_word' id='word_1_313' title='bbox 1573 2085 1593 2112; x_wconf 87' lang='lat' dir='ltr'>a</span> <span class='ocrx_word' id='word_1_314' title='bbox 1608 2072 1759 2119; x_wconf 84' lang='lat' dir='ltr'>justitia</span> <span class='ocrx_word' id='word_1_315' title='bbox 1779 2097 1792 2117; x_wconf 88' lang='lat'>,</span> <span class='ocrx_word' id='word_1_316' title='bbox 1809 2073 1849 2112; x_wconf 71' lang='lat' dir='ltr'>Sc</span> 
     </span>
     <span class='ocr_line' id='line_1_38' title="bbox 536 2125 1230 2175; baseline 0 -11"><span class='ocrx_word' id='word_1_317' title='bbox 536 2125 731 2175; x_wconf 85' lang='lat' dir='ltr'>aequitate</span> <span class='ocrx_word' id='word_1_318' title='bbox 749 2125 825 2164; x_wconf 77' lang='lat' dir='ltr'>else</span> <span class='ocrx_word' id='word_1_319' title='bbox 842 2127 1002 2174; x_wconf 86' lang='lat' dir='ltr'>prorsus</span> <span class='ocrx_word' id='word_1_320' title='bbox 1021 2126 1202 2165; x_wconf 86' lang='lat' dir='ltr'>alienum</span> <span class='ocrx_word' id='word_1_321' title='bbox 1220 2154 1230 2164; x_wconf 88' lang='lat'><strong>.</strong></span> 
     </span>
    </p>

    <p class='ocr_par' dir='ltr' id='par_1_6' title="bbox 483 2175 1856 2374">
     <span class='ocr_line' id='line_1_39' title="bbox 483 2175 1850 2229; baseline 0 -15"><span class='ocrx_word' id='word_1_322' title='bbox 483 2176 669 2228; x_wconf 79' lang='lat' dir='ltr'>Episcopi</span> <span class='ocrx_word' id='word_1_323' title='bbox 717 2177 921 2217; x_wconf 83' lang='lat' dir='ltr'>sententia</span> <span class='ocrx_word' id='word_1_324' title='bbox 967 2177 1004 2216; x_wconf 93' lang='lat' dir='ltr'>in</span> <span class='ocrx_word' id='word_1_325' title='bbox 1035 2179 1101 2215; x_wconf 88' lang='lat' dir='ltr'>sua</span> <span class='ocrx_word' id='word_1_326' title='bbox 1136 2177 1339 2216; x_wconf 87' lang='lat' dir='ltr'>relatione</span> <span class='ocrx_word' id='word_1_327' title='bbox 1357 2203 1369 2222; x_wconf 95' lang='lat'><strong>‚</strong></span> <span class='ocrx_word' id='word_1_328' title='bbox 1399 2190 1483 2229; x_wconf 83' lang='lat' dir='ltr'>quae</span> <span class='ocrx_word' id='word_1_329' title='bbox 1516 2175 1807 2217; x_wconf 83' lang='lat' dir='ltr'>circumfertur</span> <span class='ocrx_word' id='word_1_330' title='bbox 1834 2203 1850 2222; x_wconf 80' lang='lat'><strong>‚</strong></span> 
     </span>
     <span class='ocr_line' id='line_1_40' title="bbox 536 2228 1851 2279; baseline -0.002 -12"><span class='ocrx_word' id='word_1_331' title='bbox 536 2229 746 2273; x_wconf 80' lang='lat' dir='ltr'>suboscme</span> <span class='ocrx_word' id='word_1_332' title='bbox 775 2228 888 2269; x_wconf 81' lang='lat' dir='ltr'>favet</span> <span class='ocrx_word' id='word_1_333' title='bbox 919 2231 1045 2268; x_wconf 79' lang='lat' dir='ltr'>Annae</span> <span class='ocrx_word' id='word_1_334' title='bbox 1080 2228 1201 2268; x_wconf 79' lang='lat' dir='ltr'>Villae</span> <span class='ocrx_word' id='word_1_335' title='bbox 1230 2243 1243 2268; x_wconf 75' lang='grc'>,-</span> <span class='ocrx_word' id='word_1_336' title='bbox 1274 2241 1365 2267; x_wconf 86' lang='lat' dir='ltr'>nam</span> <span class='ocrx_word' id='word_1_337' title='bbox 1399 2230 1577 2279; x_wconf 63' lang='lat' dir='ltr'>quaedam</span> <span class='ocrx_word' id='word_1_338' title='bbox 1610 2229 1804 2276; x_wconf 87' lang='lat' dir='ltr'>ponderat</span> <span class='ocrx_word' id='word_1_339' title='bbox 1835 2252 1851 2273; x_wconf 89' lang='lat'>‚</span> 
     </span>
     <span class='ocr_line' id='line_1_41' title="bbox 540 2280 1856 2331; baseline 0 -12"><span class='ocrx_word' id='word_1_340' title='bbox 540 2294 624 2331; x_wconf 73' lang='lat' dir='ltr'>quae</span> <span class='ocrx_word' id='word_1_341' title='bbox 642 2282 882 2321; x_wconf 88' lang='lat' dir='ltr'>nullitatem</span> <span class='ocrx_word' id='word_1_342' title='bbox 898 2283 1163 2331; x_wconf 83' lang='lat' dir='ltr'>comprobant</span> <span class='ocrx_word' id='word_1_343' title='bbox 1184 2281 1475 2322; x_wconf 84' lang='lat' dir='ltr'>nominationis</span> <span class='ocrx_word' id='word_1_344' title='bbox 1503 2281 1645 2321; x_wconf 73' lang='lat' dir='ltr'>Mariae</span> <span class='ocrx_word' id='word_1_345' title='bbox 1663 2280 1856 2320; x_wconf 89' lang='lat' dir='ltr'>Domini-</span> 
     </span>
     <span class='ocr_line' id='line_1_42' title="bbox 540 2332 782 2374; baseline 0.017 -4"><span class='ocrx_word' id='word_1_346' title='bbox 540 2346 594 2371; x_wconf 66' lang='grc' dir='ltr'>ωε</span> <span class='ocrx_word' id='word_1_347' title='bbox 612 2332 757 2373; x_wconf 81' lang='lat' dir='ltr'>Caesari</span> <span class='ocrx_word' id='word_1_348' title='bbox 772 2365 782 2374; x_wconf 91' lang='lat'><strong>.</strong></span> 
     </span>
    </p>

    <p class='ocr_par' dir='ltr' id='par_1_7' title="bbox 487 2387 1858 2640">
     <span class='ocr_line' id='line_1_43' title="bbox 487 2387 1854 2436; baseline 0 -11"><span class='ocrx_word' id='word_1_349' title='bbox 487 2387 615 2426; x_wconf 89' lang='lat' dir='ltr'>Plane</span> <span class='ocrx_word' id='word_1_350' title='bbox 630 2388 745 2436; x_wconf 86' lang='lat' dir='ltr'>origo</span> <span class='ocrx_word' id='word_1_351' title='bbox 764 2387 868 2427; x_wconf 88' lang='lat' dir='ltr'>facit</span> <span class='ocrx_word' id='word_1_352' title='bbox 884 2389 1006 2430; x_wconf 90' lang='lat' dir='ltr'>Cives</span> <span class='ocrx_word' id='word_1_353' title='bbox 1023 2415 1036 2435; x_wconf 89' lang='lat'>‚</span> <span class='ocrx_word' id='word_1_354' title='bbox 1067 2389 1326 2429; x_wconf 74' lang='lat' dir='ltr'>domicilium</span> <span class='ocrx_word' id='word_1_355' title='bbox 1347 2388 1503 2427; x_wconf 91' lang='lat' dir='ltr'>Incolas</span> <span class='ocrx_word' id='word_1_356' title='bbox 1520 2390 1644 2435; x_wconf 49' lang='lat' dir='ltr'>Lego.</span> <span class='ocrx_word' id='word_1_357' title='bbox 1663 2389 1748 2425; x_wconf 86' lang='lat' dir='ltr'>Cod.</span> <span class='ocrx_word' id='word_1_358' title='bbox 1769 2387 1854 2425; x_wconf 71' lang='lat' dir='ltr'>tle-2</span> 
     </span>
     <span class='ocr_line' id='line_1_44' title="bbox 537 2437 1854 2491; baseline -0.001 -15"><span class='ocrx_word' id='word_1_359' title='bbox 537 2439 648 2477; x_wconf 81' lang='lat' dir='ltr'>Incol.</span> <span class='ocrx_word' id='word_1_360' title='bbox 664 2439 796 2479; x_wconf 86' lang='lat' dir='ltr'>lib.10.</span> <span class='ocrx_word' id='word_1_361' title='bbox 812 2464 824 2482; x_wconf 70' lang='lat'>2</span> <span class='ocrx_word' id='word_1_362' title='bbox 847 2442 884 2481; x_wconf 71' lang='lat' dir='ltr'>Sc</span> <span class='ocrx_word' id='word_1_363' title='bbox 908 2443 1076 2491; x_wconf 83' lang='lat' dir='ltr'>longum</span> <span class='ocrx_word' id='word_1_364' title='bbox 1096 2442 1352 2481; x_wconf 85' lang='lat' dir='ltr'>domicilium</span> <span class='ocrx_word' id='word_1_365' title='bbox 1389 2441 1439 2479; x_wconf 89' lang='lat' dir='ltr'>ad</span> <span class='ocrx_word' id='word_1_366' title='bbox 1474 2451 1641 2478; x_wconf 87' lang='lat' dir='ltr'>munera</span> <span class='ocrx_word' id='word_1_367' title='bbox 1668 2437 1854 2477; x_wconf 60' lang='lat' dir='ltr'>Civilia,</span> 
     </span>
     <span class='ocr_line' id='line_1_45' title="bbox 539 2491 1858 2542; baseline 0.002 -16"><span class='ocrx_word' id='word_1_368' title='bbox 539 2491 689 2529; x_wconf 86' lang='lat' dir='ltr'>reserat</span> <span class='ocrx_word' id='word_1_369' title='bbox 707 2492 864 2531; x_wconf 84' lang='lat' dir='ltr'>aditum</span> <span class='ocrx_word' id='word_1_370' title='bbox 883 2494 983 2533; x_wconf 56' lang='grc' dir='ltr'>ἰξίας.</span> <span class='ocrx_word' id='word_1_371' title='bbox 1002 2497 1120 2532; x_wconf 82' lang='lat' dir='ltr'>eodem</span> <span class='ocrx_word' id='word_1_372' title='bbox 1135 2497 1193 2533; x_wconf 82' lang='lat' dir='ltr'>tit.</span> <span class='ocrx_word' id='word_1_373' title='bbox 1237 2494 1389 2533; x_wconf 81' lang='lat' dir='ltr'>Verum</span> <span class='ocrx_word' id='word_1_374' title='bbox 1425 2504 1546 2542; x_wconf 88' lang='lat' dir='ltr'>quum</span> <span class='ocrx_word' id='word_1_375' title='bbox 1563 2491 1695 2540; x_wconf 83' lang='lat' dir='ltr'>agitur</span> <span class='ocrx_word' id='word_1_376' title='bbox 1723 2491 1772 2529; x_wconf 89' lang='lat' dir='ltr'>de</span> <span class='ocrx_word' id='word_1_377' title='bbox 1789 2498 1858 2528; x_wconf 87' lang='lat' dir='ltr'>te-</span> 
     </span>
     <span class='ocr_line' id='line_1_46' title="bbox 536 2540 1855 2597; baseline 0 -19"><span class='ocrx_word' id='word_1_378' title='bbox 536 2542 747 2597; x_wconf 63' lang='lat' dir='ltr'>stamentis</span> <span class='ocrx_word' id='word_1_379' title='bbox 766 2568 780 2588; x_wconf 76' lang='lat'>‚</span> <span class='ocrx_word' id='word_1_380' title='bbox 814 2557 860 2585; x_wconf 85' lang='lat' dir='ltr'>ex</span> <span class='ocrx_word' id='word_1_381' title='bbox 878 2547 1101 2586; x_wconf 78' lang='lat' dir='ltr'>verosimili</span> <span class='ocrx_word' id='word_1_382' title='bbox 1119 2545 1340 2586; x_wconf 87' lang='lat' dir='ltr'>Testatoris</span> <span class='ocrx_word' id='word_1_383' title='bbox 1358 2545 1575 2584; x_wconf 89' lang='lat' dir='ltr'>voluntate</span> <span class='ocrx_word' id='word_1_384' title='bbox 1591 2542 1779 2582; x_wconf 86' lang='lat' dir='ltr'>sumenda</span> <span class='ocrx_word' id='word_1_385' title='bbox 1800 2540 1855 2580; x_wconf 84' lang='lat' dir='ltr'>est</span> 
     </span>
     <span class='ocr_line' id='line_1_47' title="bbox 540 2597 860 2640; baseline 0.025 -12"><span class='ocrx_word' id='word_1_386' title='bbox 540 2597 834 2640; x_wconf 81' lang='lat' dir='ltr'>interpretatio</span> <span class='ocrx_word' id='word_1_387' title='bbox 850 2625 860 2636; x_wconf 87' lang='lat'><strong><em>.</em></strong></span> 
     </span>
    </p>

    <p class='ocr_par' dir='ltr' id='par_1_8' title="bbox 485 2644 1864 2808">
     <span class='ocr_line' id='line_1_48' title="bbox 485 2644 1852 2701; baseline -0.001 -17"><span class='ocrx_word' id='word_1_388' title='bbox 485 2644 843 2701; x_wconf 67' lang='lat' dir='ltr'>liiiicsilegatum</span> <span class='ocrx_word' id='word_1_389' title='bbox 863 2649 1053 2689; x_wconf 79' lang='lat' dir='ltr'>alicuilit</span> <span class='ocrx_word' id='word_1_390' title='bbox 1085 2650 1299 2698; x_wconf 84' lang='lat' dir='ltr'>alligatum</span> <span class='ocrx_word' id='word_1_391' title='bbox 1334 2648 1556 2698; x_wconf 76' lang='lat' dir='ltr'>qualitati,</span> <span class='ocrx_word' id='word_1_392' title='bbox 1587 2651 1661 2687; x_wconf 89' lang='lat' dir='ltr'>hac</span> <span class='ocrx_word' id='word_1_393' title='bbox 1688 2647 1770 2685; x_wconf 81' lang='lat' dir='ltr'>five</span> <span class='ocrx_word' id='word_1_394' title='bbox 1802 2654 1852 2684; x_wconf 84' lang='lat' dir='ltr'>ex</span> 
     </span>
     <span class='ocr_line' id='line_1_49' title="bbox 537 2697 1856 2751; baseline 0.003 -18"><span class='ocrx_word' id='word_1_395' title='bbox 537 2697 788 2751; x_wconf 69' lang='lat' dir='ltr'>privilegio,</span> <span class='ocrx_word' id='word_1_396' title='bbox 813 2700 890 2739; x_wconf 86' lang='lat' dir='ltr'>five</span> <span class='ocrx_word' id='word_1_397' title='bbox 905 2703 986 2740; x_wconf 83' lang='lat' dir='ltr'>alio</span> <span class='ocrx_word' id='word_1_398' title='bbox 1019 2701 1141 2741; x_wconf 83' lang='lat' dir='ltr'>modo</span> <span class='ocrx_word' id='word_1_399' title='bbox 1172 2701 1364 2750; x_wconf 74' lang='lat' dir='ltr'>acquisita</span> <span class='ocrx_word' id='word_1_400' title='bbox 1383 2725 1395 2743; x_wconf 84' lang='lat'>‚</span> <span class='ocrx_word' id='word_1_401' title='bbox 1426 2702 1609 2750; x_wconf 85' lang='lat' dir='ltr'>legatum</span> <span class='ocrx_word' id='word_1_402' title='bbox 1639 2699 1813 2740; x_wconf 86' lang='lat' dir='ltr'>debetur</span> <span class='ocrx_word' id='word_1_403' title='bbox 1841 2708 1856 2733; x_wconf 68' lang='grc' dir='ltr'>ε</span> 
     </span>
     <span class='ocr_line' id='line_1_50' title="bbox 538 2750 1864 2808; baseline 0.001 -22"><span class='ocrx_word' id='word_1_404' title='bbox 538 2750 791 2799; x_wconf 85' lang='lat' dir='ltr'>prouideque</span> <span class='ocrx_word' id='word_1_405' title='bbox 809 2750 994 2801; x_wconf 87' lang='lat' dir='ltr'>legatum</span> <span class='ocrx_word' id='word_1_406' title='bbox 1010 2754 1178 2795; x_wconf 84' lang='lat' dir='ltr'>Civibus</span> <span class='ocrx_word' id='word_1_407' title='bbox 1195 2753 1387 2794; x_wconf 59' lang='lat' dir='ltr'>relietum</span> <span class='ocrx_word' id='word_1_408' title='bbox 1403 2753 1462 2795; x_wconf 88' lang='lat' dir='ltr'>eis</span> <span class='ocrx_word' id='word_1_409' title='bbox 1479 2764 1640 2806; x_wconf 87' lang='lat' dir='ltr'>quoque</span> <span class='ocrx_word' id='word_1_410' title='bbox 1656 2751 1864 2808; x_wconf 62' lang='lat' dir='ltr'>debetur3</span> 
     </span>
    </p>

    <p class='ocr_par' dir='ltr' id='par_1_9' title="bbox 1791 2813 1864 2854">
     <span class='ocr_line' id='line_1_51' title="bbox 1791 2813 1864 2854; baseline 0 -13"><span class='ocrx_word' id='word_1_411' title='bbox 1791 2813 1864 2854; x_wconf 82' lang='lat' dir='ltr'>qiu</span> 
     </span>
    </p>
   </div>
  </div>
 </body>
</html>
