2013 2968
609 145 669 170 20.
694 172 702 180 ι
728 132 940 177 unii1767.
1381 149 1423 172 Η

83 178 331 273 AESINA
361 128 733 223 CAPELLANJ}
757 181 1068 223 ‚Contendunt
1095 181 1280 233 Angelus
1310 148 1455 226 Auses?
1494 190 1594 234 Sefs.
1616 197 1678 232 25.
1698 188 1780 239 Cap.
1797 204 1837 237 9.

223 234 279 273 mi
297 258 312 276 ‚
339 235 377 274 &
398 234 600 274 Antonius
621 235 772 274 Dionisi
791 235 840 274 de
867 235 1004 275 laicali
1024 236 1268 283 Capellania
1284 262 1297 282 ‚
1328 251 1450 288 quam
1489 233 1832 291 &Seffi14aeapaa

133 289 174 327 in
190 287 420 327 Parochiali
440 288 613 327 Ecclesia
633 287 788 337 Oppidi
807 288 966 327 Montis
984 288 1143 328 Carotti
1164 288 1339 328 instituit
1356 292 1448 332 bon.
1486 298 1534 333 de
1547 294 1709 340 Reform.

133 352 257 380 mem.
275 340 517 388 Seraphinus
537 340 710 380 Thesei.
729 340 911 389 Angelus
941 341 1052 381 enim
1085 342 1306 381 duodecim
1324 355 1449 384 annos
1600 339 1602 341 ’

131 394 198 433 vix
212 401 329 431 natus
345 404 366 430 a
385 392 584 431 Flaminia
604 392 744 432 Matre
773 417 786 435 ,
816 392 881 431 cui
907 394 1210 443 juspatronatus
1241 394 1451 435 afiivum..

14 411 23 499 i
130 445 343 495 pertinet,
374 445 606 484 nominatus
634 445 974 493 supplicationem
1009 447 1185 487 Datariae
1204 444 1448 495 Aposto'licae

16 502 21 542 Ι
132 497 315 536 exhibuit
334 506 476 544 petens
503 496 677 546 gratiam
688 507 752 547 pro
763 499 972 548 praesencato
1006 511 1098 538 cum
1118 499 1446 547 dispensatione...

15 545 19 606 ζ
126 549 244 597 super
265 548 427 588 defectu
441 549 602 588 aetatis:
630 549 838 590 Antonius
854 563 949 590 vero
983 552 1198 601 praeditum
1214 552 1252 590 se
1271 551 1445 591 afferens

14 610 17 649 ξ
126 602 400 652 qualitatibus
430 613 451 640 a
470 601 703 642 Fundatore
733 603 936 654 requisitis
958 630 969 649 ,
1002 605 1116 643 illam
1145 604 1363 651 postulavit
1382 615 1446 654 pro

119 654 333 704 qualificato
348 679 361 698 ‚
399 656 578 702 acpoffive
597 665 723 692 vocato
740 684 750 694 .
785 656 904 694 Eriius
926 655 1219 698 Pro-Datarius
1249 656 1444 705 dignam.»

130 707 288 747 censuit
313 730 327 751 ‚
356 718 443 756 quae
470 705 707 745 definiretur
731 708 777 744 ab
806 710 895 746 hac
915 708 1033 746 Sacra
1053 708 1417 757 Congregatione,
1433 735 1448 755 ‚

131 759 412 810 quaestionem,
443 767 534 797 utra
563 758 808 806 supplicatio
838 760 1022 807 signanda
1039 759 1176 804 foret,
1205 773 1336 809 eaque
1355 773 1448 809 pro·-

128 813 253 859 posita
268 810 334 849 die
352 822 414 852 23.
430 809 576 848 Martii
599 815 709 857 1765.
742 811 892 859 prodiit
910 810 1153 859 rescriptum
1171 827 1197 846 :
1215 812 1451 861 Effefignan-

131 866 218 901 dam
226 862 525 911 supplicationem
535 863 667 910 favore
680 865 842 902 Antonii
858 892 868 901 .

73 914 277 957 Beneficio
295 927 406 953 nova:
425 914 659 954 Audientiee
680 915 963 954 succumbenti
998 914 1214 963 impertito
1239 941 1252 960 ‚
1282 915 1449 955 Colliti-

125 967 313 1019 gantium
329 968 414 1012 jura
432 967 479 1005 ad
496 979 662 1007 examen
681 968 832 1007 iterum
859 976 1102 1009 revocantur
1118 997 1127 1006 .
1154 966 1273 1006 Licet
1305 976 1448 1008 autem

130 1022 325 1059 habeatur
341 1032 402 1058 res
420 1028 510 1058 tota
528 1019 683 1059 infolio
703 1020 813 1060 illius
830 1019 945 1065 diei,
976 1019 1131 1067 prodest
1161 1021 1293 1058 adhuc
1311 1020 1446 1060 denuo

128 1071 281 1111 referre
310 1097 322 1116 ‚
354 1071 627 1112 Fundatorem
662 1072 791 1111 tribus
816 1072 980 1112 diverfis
1015 1071 1294 1111 Instrumentis
1330 1073 1446 1112 vario

133 1134 319 1172 tempore
338 1122 535 1163 confeetis
551 1124 670 1174 egisse
699 1125 748 1164 de
764 1125 1013 1173 Capellaniae
1050 1123 1328 1163 institutione.
1363 1123 1443 1163 In„

130 1177 262 1226 primo
277 1176 386 1216 Anni
406 1181 517 1219 1638.
533 1177 727 1227 disposuit
744 1177 792 1215 de
814 1177 1037 1218 Patronatu
1057 1185 1145 1214 tum
1167 1178 1300 1216 activo
1316 1203 1329 1222 ‚
1357 1186 1447 1215 tum

127 1228 279 1278 paffivo
295 1226 433 1269 favore
449 1229 627 1269 Familiae
654 1231 731 1269 suae
759 1230 808 1269 de
825 1229 1024 1269 Theseis‚·
1053 1229 1103 1268 de
1131 1229 1334 1279 requisitis
1367 1229 1448 1268 Ca.-

127 1282 414 1331 pellanorums
443 1282 493 1321 de
509 1284 699 1323 oneribus
714 1282 964 1330 Capellan-iae
987 1310 996 1320 .
1027 1280 1177 1320 Altero
1195 1281 1305 1320 Anni
1330 1287 1442 1328 1657.

127 1343 273 1383 rogatu
306 1334 540 1373 Sacerdotis
561 1336 766 1385 Fulgentii
783 1333 973 1374 Gratiani
1000 1332 1248 1379 Capellaniae
1275 1334 1446 1372 dotem..

124 1388 241 1425 auxit
259 1411 272 1430 ‚
302 1385 606 1435 ,luspatronatus
622 1387 803 1426 Familiae
822 1385 1199 1434 Gratianireliquit
1219 1410 1231 1429 ‚
1260 1386 1440 1424 dictum-

123 1450 201 1487 que
220 1437 485 1486 Fulgentium
511 1439 781 1485 Capelianum
809 1437 1065 1477 nominavit.
1097 1435 1247 1475 Tertio
1277 1437 1446 1475 tandem

123 1489 237 1529 Anni
259 1494 358 1527 1660
377 1490 632 1529 confirmavit
651 1491 815 1541 quidem
827 1489 940 1529 dotis
959 1495 1255 1536 augumentum
1275 1511 1288 1531 ‚
1316 1495 1359 1526 at
1380 1499 1445 1526 re-

120 1550 275 1579 vocata
291 1540 507 1588 Capellani
521 1542 804 1581 nominatione
821 1565 833 1586 ‚
865 1542 902 1580 Sc
925 1538 1179 1582 conceffione
1196 1540 1446 1579 Patronatus

123 1604 218 1640 erga
238 1591 454 1630 Familiam
472 1592 692 1636 Gratiani,
723 1595 827 1630 hunc
845 1592 1000 1634 iterum
1017 1590 1242 1628 reservavit
1262 1591 1443 1629 Familiae

118 1646 192 1684 suae
210 1643 261 1682 de
280 1642 449 1682 Theseis
467 1643 739 1684 exercendum
755 1655 775 1681 a
793 1650 890 1682 natu
905 1641 1049 1687 majori
1067 1653 1113 1680 ex
1127 1640 1301 1690 Agnatis
1319 1668 1332 1688 ,
1350 1643 1389 1682 ὃς
1404 1643 1447 1682 iu

118 1699 264 1736 horum
282 1693 490 1735 defectum
509 1708 554 1735 ex
570 1695 767 1745 Cognatis
784 1720 799 1740 ‚
831 1703 956 1745 atque
983 1693 1044 1733 nis
1060 1694 1188 1734 etiam
1217 1694 1409 1734 extint‘tis
1423 1707 1446 1734 a

119 1748 435 1787 Communitate
455 1748 614 1787 Montis
630 1747 795 1787 Carotti
812 1777 823 1787 .
1132 1773 1135 1774 ν

66 1799 111 1840 In
133 1800 415 1839 nominatione
446 1799 624 1848 praeferri
654 1800 791 1839 voluit
819 1799 1030 1850 Agnatum
1057 1824 1069 1844 ,
1097 1799 1135 1838 &
1166 1797 1275 1837 inter
1303 1799 1441 1847 plures

120 1861 243 1891 aetate
262 1853 458 1898 majorem
476 1867 489 1892 ,-
520 1853 648 1891 Nullo
667 1861 806 1891 autem
824 1861 995 1894 extante
1011 1851 1061 1890 de
1080 1851 1188 1890 dicta
1206 1850 1408 1890 Familia.)
1428 1875 1444 1895 ‚

118 1905 413 1952 proximiorem
437 1905 788 1954 Consanguineum
805 1930 818 1950 ,
832 1905 899 1944 vel
917 1902 1096 1943 Affinem
1112 1917 1126 1943 ‚·
1154 1904 1193 1943 ὃ(
1208 1905 1285 1941 hoc
1309 1915 1442 1953 neque

120 1956 248 1997 etiam
268 1957 458 1998 existente
473 1984 485 2003 ‚
515 1958 641 1996 alium
659 1968 960 2007 quemcumque
978 1955 1149 1994 arbitrio
1166 1956 1362 2005 pollentis
1380 1957 1443 2001 iu-

117 2022 160 2049 re
183 2008 418 2047 nominandi
446 2026 472 2046 =
503 2012 706 2048 Dummodo
733 2010 887 2057 quilibet
923 2009 1188 2051 nominandus,
1219 2010 1263 2052 &¹
1290 2008 1442 2058 vraesen·

120 2061 399 2110 tandussbmper
410 2062 460 2110 fit
477 2063 646 2100 oriundus
663 2064 707 2100 de
723 2062 816 2100 ditio
836 2061 954 2110 Castro
972 2060 1108 2098 Montis
1129 2062 1271 2098 Carotti
1290 2090 1300 2100 .

63 2111 142 2153 His
159 2139 172 2158 ‚
201 2126 285 2164 quae
304 2115 500 2160 postremo
518 2114 783 2153 instrumento
800 2113 1025 2163 praescripta
1040 2113 1131 2152 sunt
1144 2137 1158 2157 ,
1189 2114 1439 2163 conjungen-

117 2167 166 2204 da
184 2165 345 2205 sustinet
364 2164 567 2205 Antonius
599 2177 646 2204 ea
665 2166 791 2207 etiam
812 2190 824 2210 ,
854 2178 940 2216 quae
967 2165 1190 2204 constituta
1216 2163 1439 2205 fuerantin

115 2219 248 2266 primo
264 2231 278 2257 ,-
307 2229 351 2256 ac
368 2226 584 2266 propterea
601 2216 640 2254 in
657 2217 1013 2258 confirmationem
1028 2216 1216 2267 rescripti
1249 2218 1308 2256 sui
1325 2217 1438 2256 favo⁴

117 2280 161 2307 re
174 2271 255 2314 jam
273 2269 407 2315 editi,
440 2269 573 2318 inquit
588 2293 599 2312 ,
629 2267 667 2306 in
684 2277 855 2321 utroque
876 2270 1141 2308 instrumento
1157 2267 1353 2317 expressas
1370 2281 1437 2306 re-

118 2321 242 2368 periri
261 2322 483 2371 qualitates
507 2333 528 2359 a
548 2320 778 2360 Fundatore
815 2321 1022 2371 requifitas
1058 2322 1097 2359 in
1112 2319 1432 2371 Consanguineis

116 2371 166 2410 ad
186 2372 467 2420 Capellaniam
485 2371 673 2412 invitatis
692 2394 705 2416 ‚
733 2372 838 2420 quod
858 2373 1022 2412 scilicet
1039 2373 1113 2412 sint
1131 2372 1268 2412 habitu
1287 2372 1436 2411 saltem

115 2424 361 2464 Sacerdotes
379 2450 392 2469 ‚
425 2425 562 2465 idonei
589 2424 715 2464 etiam
748 2423 795 2462 ad
811 2423 937 2462 Chori
953 2425 1180 2464 Servitium
1209 2448 1224 2468 ‚
1251 2421 1434 2473 &origi-

112 2487 209 2515 nem
225 2476 375 2516 ducant
392 2478 438 2516 ab
453 2477 620 2526 Oppido
636 2476 792 2515 Montis
810 2473 970 2513 Carotti
991 2505 1000 2516 .
1031 2476 1273 2524 Qualitates
1304 2476 1374 2515 has
1393 2474 1434 2513 in

110 2526 198 2575 ipso
219 2527 418 2575 reperiri:
446 2529 674 2569 Minoribus
697 2526 918 2566 Ordinibus
951 2529 998 2565 ab
1023 2528 1144 2567 Anno
1176 2539 1289 2575 1743.
1319 2524 1434 2565 fuisse

114 2579 330 2623 initiatum
347 2603 360 2623 ‚
389 2581 501 2621 brevi
517 2581 565 2622 ad
583 2579 867 2620 Sacerdotium
895 2576 1001 2626 posse
1018 2578 1289 2622 conscendere
1316 2591 1326 2616 :
1356 2579 1432 2617 Ec·-

108 2631 237 2672 clesiae
255 2631 487 2674 Parochiali
503 2646 524 2672 a
542 2634 665 2682 longo
679 2634 759 2677 jam
777 2641 963 2678 tempore
982 2630 1176 2670 inservire
1189 2657 1201 2677 ‚
1231 2631 1431 2687 sacrisque

98 2680 304 2725 functioni
325 2686 395 2726 bus
412 2685 607 2727 continuo
621 2682 811 2726 „interesse
829 2695 838 2724 τ
867 2684 931 2725 De
945 2681 1103 2733 origine
1119 2694 1217 2724 vero
1233 2684 1280 2724 ab
1296 2684 1431 2773 Opgi-

1398 2745 1423 2772 o
