1975 2984
533 170 610 206 140
1050 168 1088 200 4.
1110 154 1221 205 Junit'
1239 160 1352 203 1768.

515 209 636 248 batur
656 233 667 252 ‚
687 206 852 246 irritum
870 207 969 245 vero
985 208 1259 247 contendebat
1278 208 1408 246 dietus
1427 206 1579 246 Comes
1594 205 1846 251 Ludovicus‚

512 269 605 301 tum
622 272 669 300 ex
691 254 854 298 defeetu
882 259 1094 308 consensus,
1122 273 1217 300 cum
1248 271 1318 306 per
1333 261 1470 304 jocum
1502 259 1697 297 nonnulla
1725 257 1847 296 fami-

511 312 634 352 liaria
653 312 774 350 verba
799 322 938 349 coram
957 311 1140 350 Parocho
1156 310 1366 358 protulisse
1399 311 1673 350 contenderet
1688 335 1702 353 ‚
1729 319 1848 348 tum

512 377 558 403 ex
575 363 879 409 defestusormae
896 390 908 408 ,
922 376 1016 402 cum
1034 365 1114 403 duo
1129 363 1270 403 Testes
1285 391 1296 408 ,
1316 364 1383 414 qui
1401 364 1573 402 aderant
1588 389 1602 408 ,
1618 364 1721 402 nihil
1739 362 1849 405 certi,

511 415 800 456 intellexerint
816 439 830 459 ,
859 417 1206 465 quemadmodum
1227 417 1265 454 in
1283 416 1586 460 extraiudiciali
1625 414 1847 463 depositio-
1866 439 1871 443 -

507 481 560 507 ne
578 466 827 506 asseruerant
842 496 853 505 .
884 467 998 508 Hinc
1029 468 1096 508 die
1127 482 1187 515 27.
1206 468 1313 517 Junii
1336 474 1449 514 1761.
1483 468 1561 506 tria
1577 467 1696 506 dubia
1716 467 1842 505 Sacra:

507 521 602 559 huic
623 519 944 569 Congregationi
959 522 1154 570 propofita
1173 520 1340 560 fuerunt
1369 521 1400 559 Ι.
1418 524 1487 559 An
1499 521 1628 570 constet
1643 522 1688 557 de
1704 521 1847 559 Matri-

508 578 648 618 monio,
679 573 718 611 ὅ(
735 580 936 621 quatenus
972 572 1235 612 Affirmative
1278 573 1329 613 ΙΙ.
1357 574 1433 610 An
1447 574 1496 622 fit
1512 573 1612 610 loeus
1635 572 1828 609 conflioni.

511 623 589 676 Ill.
619 625 750 673 Anfit
764 624 859 661 locus
880 624 1213 675 subministrationi
1224 625 1504 669 alimentorum,
1539 625 1851 673 &sumptmcmol

510 676 587 715 litis
603 681 642 715 in
659 677 742 725 casu
758 679 833 719 &a
863 692 890 712 =
911 676 1251 727 Rescriptumque
1268 677 1363 716 fuit:
1380 678 1443 716 Ad
1464 677 1641 715 LDilata
1659 702 1671 720 ,
1693 680 1736 720 &
1750 688 1842 712 exa-

511 733 698 768 minentur
718 728 1031 778 Tzstessormicer.
1050 731 1114 769 Ad
1134 731 1187 769 ΙΙ.
1205 730 1340 768 Dilata
1356 759 1367 769 .
1394 731 1462 769 Ad
1480 729 1801 778 HLAffirmative
1818 752 1833 771 ,

503 786 549 828 ὰ
567 784 620 820 ad
634 783 945 820 D.Secretartura
956 791 1021 830 pro
1037 787 1223 820 taxatione
1256 811 1267 821 .

458 833 628 875 Peracto
641 832 808 872 formali
825 831 1005 872 Testium
1025 835 1209 875 examine
1229 861 1240 880 ,
1267 847 1361 873 cum
1381 846 1522 875 eorum
1547 833 1654 872 dieta
1671 840 1841 871 contra-

509 887 712 926 <limones
728 886 990 924 continerent
1006 912 1018 931 ,
1049 899 1124 926 nee
1142 888 1238 926 satis
1255 888 1365 926 clare'
1382 886 1637 934 explicarent
1667 887 1842 923 substan-

511 938 629 978 tialia
645 937 776 982 fasta,
801 938 840 976 St
869 938 1192 979 circumstantias
1209 965 1223 981 ‚
1259 941 1351 979 hinc
1383 941 1421 978 in
1437 938 1624 978 examine
1655 938 1839 985 repetito

508 992 575 1031 die
596 1004 656 1029 ιι.
674 989 926 1038 Septembris
949 996 1063 1036 1762.
1092 991 1246 1031 necesse
1262 990 1342 1031 fuit
1358 1019 1370 1037 ‚
1399 1001 1444 1031 ut
1477 991 1793 1035 responderetur
1822 999 1833 1024 ι

511 1043 663 1085 Dilata,
683 1045 725 1086 (ἔγ
738 1043 856 1079 denua
869 1046 1121 1082 examinentur
1140 1045 1254 1094 Testes
1262 1047 1439 1091 fbrmicer
1453 1046 1496 1079 in
1517 1045 1613 1080 ‘Urbe
1638 1042 1757 1095 juxta
1772 1043 1836 1078 in-

502 1097 746 1146 struffionem,
766 1096 811 1136 (ἔγ
827 1095 876 1130 ad
891 1105 1042 1132 mentem
1057 1126 1068 1134 .

454 1146 622 1188 lnterea
639 1146 886 1195 pertrastata
902 1146 1148 1192 Concordia,
1166 1148 1374 1187 Francisca
1389 1146 1599 1186 consilium
1613 1146 1706 1185 iniit
1726 1147 1838 1184 clau-

507 1200 671 1239 stralem
685 1198 817 1236 vitam
836 1198 1018 1247 eligendi
1035 1213 1050 1240 ‚·
1077 1199 1228 1239 Comes
1245 1203 1343 1239 vero
1360 1200 1593 1238 Lodovicus
1619 1198 1835 1247 spopondit

511 1252 552 1292 ei
564 1250 860 1291 subministrare
871 1250 1055 1299 sumptus
1068 1265 1210 1292 omnes
1226 1252 1273 1291 ad
1289 1255 1365 1291 hoc
1379 1253 1625 1301 propositum
1637 1261 1837 1300 exequen—

510 1305 610 1344 dum
627 1330 637 1349 ‚
670 1311 817 1352 praeter
847 1314 977 1342 annua
1009 1305 1121 1343 scuta
1139 1304 1216 1344 tria
1230 1331 1243 1349 ‚
1275 1305 1407 1356 quoad
1426 1304 1588 1343 viveret
1616 1315 1625 1340 t
1655 1303 1749 1345 Sed,
1780 1313 1839 1339 re-

511 1364 665 1396 nuente
680 1355 879 1403 Episcopo
898 1357 1084 1395 eamdem
1102 1356 1350 1396 Franciscam
1380 1356 1428 1395 ad
1448 1357 1633 1395 habitum
1661 1354 1841 1403 Religio-

513 1408 601 1447 sum
618 1406 845 1446 admittere
864 1433 877 1452 ‚
908 1408 979 1446 nifi
999 1409 1126 1447 Sacrae
1145 1408 1485 1459 Congregationis
1500 1408 1701 1454 judicium
1719 1418 1839 1445 acce-

512 1461 633 1500 deret
650 1486 663 1505 ,
688 1459 876 1507 oportuit
894 1458 1051 1499 idcirco
1070 1462 1135 1501 die
1154 1468 1215 1501 28.
1236 1462 1486 1510 Septembris
1509 1465 1621 1508 1765.
1637 1459 1748 1498 aliud
1767 1457 1842 1496 du-

515 1514 626 1552 bium
641 1512 849 1561 disputare
877 1527 906 1548 :
932 1516 1003 1550 An
1019 1514 1132 1551 liceat
1147 1516 1350 1563 franciscae
1364 1515 1603 1562 Proftffionem
1616 1517 1780 1549 emittere
1795 1515 1833 1547 iu

514 1566 600 1615 casu
617 1568 694 1610 dre.
727 1580 755 1600 :
786 1563 1033 1604 Dubitatum
1053 1577 1194 1606 autem
1226 1577 1324 1606 tunc
1352 1567 1460 1610 fuit,
1488 1579 1583 1606 num
1615 1563 1834 1603 matrimo-

514 1618 628 1657 nium
646 1644 659 1663 ‚
686 1624 888 1667 quatenus
904 1618 1043 1657 valide
1061 1621 1317 1659 contrastum
1334 1619 1442 1659 foret
1457 1644 1471 1663 ‚
1498 1620 1579 1657 dici
1597 1617 1721 1666 poffet
1739 1623 1839 1654 cona

518 1669 727 1710 sumatum
745 1682 758 1708 ‚·
790 1670 828 1708 Sc
846 1669 927 1710 ΕΒ.
959 1669 1034 1712 PR
1053 1696 1066 1715 ‚
1099 1682 1144 1712 ut
1162 1673 1301 1711 omnia
1335 1672 1569 1711 accuratius
1589 1670 1838 1708 illustraren-

515 1730 583 1760 tur
601 1745 615 1765 ‚
646 1721 746 1760 nihil
767 1723 839 1760 hac
857 1722 972 1768 super
990 1737 1032 1763 re
1055 1726 1311 1764 statuendum
1328 1725 1573 1764 censuerunt
1587 1749 1599 1768 ‚
1616 1722 1684 1760 nifi
1702 1721 1842 1768 exple-

516 1783 561 1812 to
577 1772 685 1820 prius
703 1773 869 1811 formali
884 1773 1067 1814 Testium
1103 1779 1288 1816 examine
1307 1802 1320 1821 ‚
1351 1790 1474 1828 quare
1489 1775 1781 1821 rescripserunt
1811 1783 1839 1804 =

515 1825 666 1868 Dilata,
681 1828 723 1869 ὼ
736 1828 776 1862 in
789 1826 1022 1874 decretissub
1034 1831 1096 1865 die
1118 1842 1131 1866 1
1145 1832 1407 1878 1.Septembris
1429 1844 1441 1866 1
1453 1833 1540 1876 762.
1561 1857 1570 1866 .
1584 1829 1615 1866 V
1629 1823 1834 1864 id.f01ium

514 1876 597 1915 diei
614 1877 825 1926 4.Augusti
848 1882 961 1923 1765.

469 1929 679 1970 Traduffls
698 1929 838 1978 itaque
851 1928 899 1967 ad
918 1928 1070 1970 Urbem
1086 1930 1239 1970 duobus
1256 1929 1679 1977 Testibus,examinati
1699 1929 1739 1965 hi
1752 1926 1840 1966 fue-

515 1990 608 2019 runt
625 1992 762 2018 coram
785 1981 1109 2021 Eminentiffirno
1129 1983 1298 2023 Pirellio
1319 1984 1445 2022 Sacrce
1465 1985 1582 2027 hujus
1601 1981 1837 2029 Congrega·

513 2033 641 2071 tionis
675 2042 774 2070 tunc
794 2033 1079 2072 emeritiffimo
1096 2036 1329 2074 Secretario
1344 2062 1356 2079 ‚
1390 2037 1568 2074 adstante
1587 2033 1715 2071 etiam
1741 2031 1837 2070 Ma-

516 2083 703 2124 trimonii
737 2083 959 2123 Defensore
986 2115 994 2123 .
1041 2086 1164 2126 Nunc
1191 2096 1405 2136 propterea
1435 2087 1673 2125 instauratur
1702 2083 1840 2133 dispu-
1876 2111 1881 2114 -

519 2137 625 2175 tatio
653 2137 893 2175 eorumdem
923 2136 1137 2176 dubiorum
1167 2165 1181 2183 ,
1218 2153 1303 2190 quae
1336 2141 1530 2178 haetenus
1567 2136 1745 2177 indecisa
1772 2148 1839 2174 re-

515 2189 747 2227 manserunt
763 2216 774 2226 .

464 2242 529 2281 Ad
547 2240 577 2279 1.
597 2239 896 2279 animadvertit
926 2240 1074 2282 Comes
1094 2241 1327 2282 Ludovicus
1347 2268 1360 2287 ‚
1388 2242 1624 2283 Concilium
1657 2240 1838 2290 Triden-

518 2293 654 2332 tinum
669 2292 831 2341 [φὰψ
851 2303 968 2343 cap.1.
994 2297 1039 2332 de
1056 2296 1257 2343 Reformat.
1293 2309 1371 2335 non
1401 2295 1481 2335 alia
1513 2294 1564 2333 de
1581 2294 1698 2332 causa
1738 2293 1839 2332 duo-

515 2356 605 2384 rum
622 2371 635 2390 ,
664 2345 730 2383 vel
747 2344 874 2383 trium
894 2344 1071 2386 Testium
1095 2349 1350 2395 praesentiam
1382 2348 1419 2385 in
1441 2344 1712 2387 matrimoniis
1729 2346 1838 2384 cele-

516 2395 675 2436 brandis
693 2396 960 2445 praescripfiffe
979 2422 992 2441 ‚
1023 2411 1143 2449 quam
1165 2409 1209 2438 ut
1240 2401 1289 2438 de
1309 2399 1576 2438 matrimonio
1600 2399 1716 2436 certo
1745 2410 1838 2436 con-

462 2471 470 2498 ;
513 2452 629 2488 flaret
649 2472 662 2492 ‚
691 2447 1049 2498 idqueaTestibus
1068 2450 1195 2499 posset
1220 2451 1435 2490 affirmari.
1465 2451 1576 2489 Hinc
1605 2449 1729 2488 infert
1747 2475 1759 2494 ‚
1789 2461 1834 2503 eir

516 2501 838 2550 Theologorum!
853 2527 865 2546 ,
901 2502 939 2541 8(
970 2501 1273 2543 canonistarum
1306 2503 1498 2552 opinione
1519 2501 1658 2541 Testes
1689 2501 1832 2540 matri-

509 2552 637 2591 monii
656 2565 732 2590 non
751 2561 913 2592 tantum
931 2555 1207 2595 materialiter
1225 2581 1238 2600 ‚
1269 2556 1306 2595 ὃ(
1322 2555 1483 2604 phylice
1508 2555 1722 2604 praesentes
1753 2551 1834 2592 effe

510 2604 674 2650 debere,
692 2604 758 2643 sed
778 2606 903 2644 etiam
920 2607 1134 2646 moraliter
1151 2634 1163 2652 ‚
1176 2609 1215 2647 Sc
1229 2605 1405 2646 humane
1422 2632 1435 2651 ,
1455 2607 1512 2646 ita
1529 2607 1720 2645 nimirum
1737 2628 1759 2651 ,«
1782 2613 1827 2657 ut

511 2656 1058 2747 mult-uumContrahentium
1080 2659 1313 2700 consensum
1331 2658 1555 2710 percipiant
1574 2680 1588 2704 ‚
1616 2667 1741 2709 atque
1770 2658 1828 2696 in-

514 2718 554 2748 te
594 2715 706 2759 igant
725 2736 734 2744 .
1137 2731 1141 2735 -
1646 2720 1649 2725 Δ

1764 2761 1839 2802 Has
