1996 2984
485 1481 521 1516 7.

486 2297 521 2332 8.

536 121 611 157 2³19
1052 122 1114 147 20.
1129 119 1131 122 ’
1144 108 1310 158 Augusti
1334 114 1446 155 1768.

535 170 698 211 pergam
717 159 784 203 sub
810 157 1286 199 Alexandri11.nomme
1305 162 1480 199 relatum
1519 161 1564 198 ab
1599 159 1720 198 lvone
1749 160 1850 199 Car·

533 211 700 252 notense
715 212 780 250 lib.
798 225 833 250 2.
851 220 925 259 cap.
961 216 1022 251 81.
1038 212 1103 255 ‚86
1137 224 1157 251 a
1175 213 1374 251 Gratiano
1393 213 1625 260 Camfiafficic
1657 214 1700 248 de
1737 215 1848 260 conse-

539 274 630 306 crat.
651 264 729 313 dist.
753 277 787 301 1.
818 263 879 300 his
896 263 1026 302 verbis
1045 266 1215 313 :Sufficit
1233 264 1430 302 Sacerdoti
1445 264 1594 311 frliſjam
1611 277 1718 301 unam
1731 264 1770 300 in
1786 266 1846 302 die

544 318 725 356 celebrare
739 329 753 355 ³·
770 329 854 364 quta
874 316 1030 364 Christus
1038 316 1154 364 semel
1166 317 1284 366 paffias
1314 317 1361 365 est
1374 343 1385 361 ,
1403 320 1445 359 &⁴
1463 315 1577 354 {otum
1592 317 1773 353 Mundum
1796 331 1848 355 re·-

534 371 647 406 demit
665 396 674 406 .
689 370 784 407 Non
801 369 940 404 modica
959 381 1012 404 res
1036 369 1083 416 est
1111 382 1219 406 unam
1233 369 1520 416 «Uiſjamfacere
1533 394 1546 413 ‚
1576 372 1618 412 ὅς’
1643 367 1754 408 valde
1773 369 1836 413 fe-

533 421 588 459 lix
604 420 650 466 est
662 445 675 464 ,
695 423 755 468 qui
773 433 880 458 unam
893 421 1000 469 digne
1015 419 1198 459 celebrare
1207 422 1315 470 potest
1330 449 1338 458 .
1372 421 1537 471 Qiclam
1556 431 1678 458 tamen
1696 429 1759 467 pro
1776 421 1843 456 de-

526 473 661 521 funfiis
677 472 938 520 unamfaciunt
951 498 963 516 ,
983 474 1024 515 ὠ·
1039 472 1191 511 alteram
1210 475 1254 511 de
1271 475 1330 510 die
1344 497 1356 515 ‚
1375 475 1408 522 st
1436 473 1570 521 m’ceſjl²
1580 474 1703 519 suerit
1721 501 1730 510 .
1776 483 1790 501 ⁹
1804 476 1842 509 ui

532 538 617 563 vero
626 535 688 574 pro
701 527 862 573 pecuniis
877 548 890 567 ‚
924 534 989 561 aut
1003 525 1267 563 adulationibus
1277 526 1512 573 saecularium
1527 538 1602 563 una
1628 527 1687 562 die
1710 527 1840 573 praesu·

535 587 635 614 munt
656 578 774 626 plures
791 576 920 623 facere
936 576 1068 623 Miffizs
1084 603 1095 621 ,
1112 591 1190 625 gnon
1223 578 1349 626 aestimo
1367 580 1521 615 evadere
1549 579 1812 615 damnationem
1830 606 1840 617 .

533 628 628 677 Quo
647 628 869 667 Alexandri
886 628 937 668 11.
955 628 1123 668 decreto
1142 638 1328 669 veterem
1346 642 1502 669 morem
1531 629 1669 675 saepius
1707 628 1745 667 in
1779 629 1847 669 die

531 680 1130 728 celebrandicircumscriptum
1149 680 1266 720 fuisse
1298 684 1337 721 in
1370 682 1554 721 universa
1588 681 1765 719 Ecclesia
1798 681 1848 720 ad

531 746 652 774 unam
669 732 957 774 tantummodo
976 733 1134 772 Missam
1153 759 1166 778 ‚
1182 735 1305 782 vulgo
1321 734 1526 774 creditum
1543 734 1595 771 est
1613 763 1622 773 .
1653 734 1709 771 At
1725 732 1849 773 Chri-

531 787 676 826 stianus
695 785 831 834 Lupus
844 785 910 824 loc.
928 789 988 824 cit.
1009 810 1021 828 ‚
1036 786 1271 836 Vasquesius
1287 791 1325 824 in
1345 801 1379 830 3.
1394 796 1492 836 part.
1511 787 1624 836 quaest.
1645 791 1707 827 83.
1726 796 1841 825 αντα.

532 849 608 888 cap.
625 850 660 882 5.
678 851 843 887 num.43.
861 864 873 882 ,
887 837 1171 878 Thomaffinus
1196 841 1255 876 De
1268 850 1339 878 vet.
1362 866 1372 883 ‚
1391 842 1432 883 ξφ
1450 853 1529 876 nov.
1560 839 1656 876 Eccl.
1673 838 1841 887 descipli-

529 905 576 929 na
588 901 682 939 part.
697 903 730 932 3.
745 891 806 929 lua.
828 903 855 928 1.
873 900 947 936 cap.
970 904 1003 936 7.
1024 905 1121 930 num.
1141 905 1175 934 3·
1193 915 1205 933 ‚
1238 892 1275 930 ἃ
1306 891 1452 930 Bened.
1487 890 1599 930 XIV.
1627 895 1663 926 ia
1684 890 1762 938 suis
1791 892 1840 928 ad

532 943 741 991 Episcopum
757 943 944 990 Oscensem
960 944 1120 991 Epistolis
1137 958 1194 980 aa.
1219 958 1230 979 1
1243 949 1330 991 746.
1350 944 1620 981 tom.2.Ballar.
1643 943 1834 990 Constit.3.

531 995 745 1035 decretum
761 996 837 1033 hoc
853 1003 1010 1035 mature
1031 995 1325 1042 perpendentes
1345 1021 1356 1040 ‚
1377 995 1512 1040 potius
1545 995 1592 1032 ad
1616 995 1836 1033 avaritiam

533 1046 805 1089 coercendam
821 1072 833 1091 ,
854 1058 978 1096 quam
994 1048 1043 1086 ad
1059 1047 1337 1085 omnimodam
1350 1047 1560 1085 Miffarum
1577 1047 1840 1085 iterationem

531 1098 822 1149 prohibendam
837 1097 1051 1137 conditum
1067 1097 1180 1137 fuisse
1208 1098 1483 1138 existimarunt
1498 1124 1511 1143 ‚
1541 1099 1595 1136 ita
1624 1109 1667 1136 ut
1702 1111 1771 1145 per
1789 1099 1840 1136 il·-

532 1151 603 1192 lud
619 1150 645 1187 ii
662 1158 821 1188 tantum
835 1150 1080 1189 damnentur
1096 1176 1108 1195 ,
1127 1151 1193 1201 qui
1208 1160 1270 1199 pro
1282 1155 1443 1198 pecuniis
1459 1176 1472 1195 ,
1488 1162 1550 1187 aar
1562 1150 1835 1188 adulationibus

525 1202 759 1255 saeculariam
785 1214 862 1240 una
891 1202 956 1240 die
987 1203 1229 1247 praesumunt
1260 1203 1412 1250 pluries
1430 1203 1546 1241 sacris
1563 1204 1751 1248 operari3
1786 1203 1837 1241 de

534 1257 584 1296 iis
603 1254 788 1304 ve1·o‚qui
805 1267 848 1293 ex
867 1255 947 1291 sola
963 1254 1186 1293 devotione
1206 1254 1317 1301 plura
1334 1253 1509 1292 offerunt
1528 1253 1732 1292 Sacrificia
1749 1281 1761 1299 ,
1781 1254 1840 1292 ni·-

531 1308 593 1348 hil
618 1306 786 1344 omnino
815 1305 1058 1345 decernatur
1077 1335 1086 1343 .
1122 1307 1229 1350 Hinc
1260 1318 1305 1343 ex
1321 1306 1508 1355 ambiguo
1542 1307 1711 1345 decreto
1728 1305 1842 1344 desu-

534 1357 681 1398 menda
699 1370 775 1396 non
793 1356 868 1396 effe
883 1358 1056 1397 arbitror
1072 1367 1312 1407 argumenta
1327 1359 1376 1397 ad
1393 1359 1596 1398 hodiernae
1621 1358 1845 1405 disciplinae

540 1411 707 1449 initium
723 1410 1073 1449 demonstrandum
1088 1441 1097 1451 .

576 1462 734 1501 Primus
760 1462 898 1511 itaque
927 1474 971 1500 ex
1001 1461 1076 1502 PP.
1098 1489 1110 1508 ,
1142 1464 1211 1512 qui
1229 1463 1373 1501 eodem
1401 1463 1467 1502 die
1499 1463 1665 1501 Sacrum
1691 1463 1737 1501 ab
1763 1473 1843 1502 uno

535 1513 757 1554 Sacerdote
781 1513 921 1553 iterari
939 1515 1075 1553 vetuit
1095 1540 1106 1558 ‚
1126 1514 1206 1554 fuit
1223 1539 1236 1557 ‚
1270 1515 1432 1553 nemine
1462 1514 1669 1553 diffitente
1688 1540 1700 1559 ‚
1733 1514 1853 1552 Inno-

534 1566 693 1607 centius
710 1564 783 1604 ΙΙΙ,
812 1568 898 1614 Cap.
920 1567 1132 1615 Consuluisti
1152 1580 1185 1609 3.
1202 1569 1245 1604 de
1263 1568 1389 1605 celebr.
1406 1567 1510 1614 Miff.
1530 1597 1538 1606 .
1562 1566 1846 1611 Interrogatus

535 1619 682 1669 quippe
700 1631 719 1657 a
736 1618 996 1666 Wigornien.
1018 1619 1212 1667 Episcopo
1229 1632 1237 1657 t
1256 1622 1387 1657 Utrum
1402 1621 1595 1669 Presbyter
1608 1622 1697 1655 duas
1715 1617 1849 1664 Missas

537 1676 574 1708 in
586 1672 710 1708 eadem
726 1672 786 1707 die
802 1670 927 1707 valeat
945 1671 1125 1709 celebrare
1141 1671 1161 1709 ἓ
1180 1672 1402 1718 Respondit
1418 1683 1427 1709 :
1457 1675 1611 1719 Excepto
1641 1673 1701 1707 die
1719 1673 1844 1707 Nati-

535 1724 668 1761 vitatis
685 1723 883 1760 Dominicae
901 1748 911 1767 ‚
924 1724 988 1770 nist
1008 1723 1114 1770 causa
1144 1724 1517 1771 neceffitatiss‘uadeat
1533 1723 1691 1772 ‚ficfficit
1708 1725 1846 1759 Sacer-
1885 1757 1887 1759 ,

539 1772 736 1821 dotifimel
752 1778 789 1811 in
803 1776 862 1810 die
880 1788 987 1811 mmm
1001 1775 1379 1823 Miffamsolurarnodo
1392 1775 1572 1813 celebrare
1589 1803 1598 1811 .
1635 1775 1683 1812 Et
1702 1785 1845 1823 quam-

536 1825 599 1864 vis
614 1826 925 1873 verbumsufficit
941 1827 1152 1864 confilium
1169 1827 1266 1873 saepe
1287 1826 1468 1865 indiccts
1502 1827 1538 1864 in
1569 1828 1641 1863 hac
1665 1835 1838 1863 tamen„-

534 1876 733 1917 decretali
749 1876 1029 1915 neceffitatem
1049 1877 1267 1923 compleffi
1288 1901 1299 1919 ‚
1318 1879 1353 1915 δε
1373 1886 1618 1925 praeceptum
1637 1902 1648 1919 ‚
1666 1876 1843 1914 demon-

533 1930 700 1967 stratum
716 1930 767 1965 est
782 1940 802 1964 a
823 1928 1037 1975 Vasquefio
1066 1928 1129 1966 loc.
1148 1933 1208 1966 cit.
1229 1942 1393 1976 num.44.
1411 1954 1423 1971 ι,
1452 1930 1488 1967 ἃ*
1517 1941 1537 1965 a
1559 1928 1702 1967 Bened.
1725 1927 1842 1966 XIV.

532 1979 600 2018 loc.
619 1982 683 2017 cit.
702 1979 932 2017 Innocentii
966 1978 1039 2017 ΙΙΙ.
1068 1980 1307 2023 decretum,
1336 1982 1440 2018 circa
1469 1993 1530 2018 an.
1564 1993 1674 2016 1220.
1710 1989 1844 2016 ratum

535 2031 1034 2080 habuit‚confirmavitque
1052 2032 1261 2070 Honorius
1291 2031 1365 2069 Ill.
1400 2034 1484 2080 Cap.
1515 2035 1564 2069 Te
1590 2032 1769 2077 referente
1789 2044 1847 2068 12.

535 2086 612 2123 eod.
629 2088 688 2120 tit.
709 2109 721 2125 ‚
751 2082 788 2121 in
807 2095 885 2132 quo
905 2107 916 2126 ,
931 2091 1123 2131 tanquam
1142 2095 1227 2122 rem
1257 2083 1412 2122 firmam
1432 2110 1444 2128 ,
1476 2084 1813 2132 exploratamque
1831 2107 1845 2127 ‚

532 2137 695 2181 usurpat
714 2134 945 2174 Innocentii
964 2135 1209 2173 sententiam
1225 2161 1238 2180 ‚
1258 2147 1403 2181 nempe
1439 2136 1589 2172 cuilibet
1617 2136 1846 2178 Sacerdoti,

537 2199 756 2237 quacumque
771 2188 950 2235 dignitate
962 2187 1176 2236 praefulgeat
1195 2212 1206 2233 ,
1223 2198 1329 2226 nnam
1345 2192 1384 2225 in
1418 2189 1479 2225 die
1494 2188 1674 2227 celebrare
1689 2186 1839 2234 Mifflzm

529 2240 693 2290 sufficere
709 2268 719 2276 .
1685 2252 1687 2254 ·

577 2291 676 2340 Qae
693 2293 739 2328 ab
756 2290 997 2329 Innocentio
1018 2290 1091 2328 111.
1119 2303 1207 2331 ann.
1229 2304 1341 2331 1212.
1376 2293 1523 2330 statuta
1553 2291 1728 2329 diximus
1746 2317 1759 2335 ‚
1787 2302 1852 2329 ea-

537 2346 630 2383 dem
648 2352 742 2381 ante
760 2367 773 2385 ,
790 2344 827 2381 Sc
845 2344 926 2391 post
943 2342 1045 2382 illud
1064 2352 1224 2391 tempus
1244 2355 1314 2390 per
1342 2344 1472 2382 varias
1500 2343 1623 2381 Orbis
1653 2344 1842 2392 regiones

532 2394 785 2446 fignificanda
803 2404 996 2433 curarunt
1016 2396 1245 2443 complures
1267 2396 1451 2443 Episcopi
1482 2395 1520 2433 in
1552 2394 1630 2434 suis
1664 2394 1848 2443 Synoda-

536 2449 638 2486 libus
656 2447 1021 2486 Constitutionibus
1037 2476 1046 2486 .
1065 2447 1160 2486 Odo
1180 2446 1400 2486 Parifienfis
1420 2446 1636 2494 Episcopus
1657 2447 1695 2485 in
1717 2447 1849 2494 Syno-

535 2500 587 2538 do
602 2499 695 2538 anni
718 2514 730 2536 1
746 2511 829 2545 175.
850 2509 924 2549 cap.
944 2511 976 2543 5.
997 2501 1041 2537 de
1055 2502 1284 2538 Sacrament.
1301 2499 1457 2535 Altaris
1487 2509 1600 2545 art.9.
1619 2499 1764 2537 Nullus
1795 2500 1848 2534 bis

535 2554 573 2586 in
589 2553 648 2586 die
665 2551 813 2597 Miffam
830 2554 966 2589 audeat
992 2552 1171 2589 celebrare
1188 2581 1197 2590 .
1228 2580 1238 2590 .
1269 2580 1277 2589 .
1308 2551 1397 2598 Ntfi
1411 2554 1449 2587 in
1474 2553 1611 2598 Magna
1627 2553 1822 2598 necessitate
1838 2576 1846 2585 .

541 2601 727 2650 synodus
741 2602 1043 2643 Londinen.an.
1067 2618 1178 2641 1200.
1194 2603 1328 2641 habita
1356 2603 1422 2640 sub
1451 2602 1641 2642 Huberto
1675 2602 1855 2657 Cant—ua-

1757 2665 1853 2691 ricu-
