2018 2952
567 186 619 220 24
1040 183 1099 218 14.
1116 169 1312 207 Februarii
1331 172 1442 215 1767.

564 235 649 273 quae
671 233 718 262 ex
730 220 1001 260 multitudine
1015 220 1147 260 solent
1164 222 1261 260 oriri
1277 236 1291 261 ,-
1322 221 1433 259 Parci
1454 220 1734 261 immoderatis
1770 225 1873 262 ssim-v

559 276 692 323 ptibus
710 283 774 313 tot
791 273 1101 313 honorariorum
1120 273 1158 312 in
1179 275 1408 312 utilitatem
1432 272 1611 313 Ecclesiae
1630 301 1642 319 ‚
1678 277 1792 320 cujus
1810 285 1875 315 te-

558 340 658 367 nues
674 328 763 365 sunt
776 335 994 375 proventus
1010 340 1024 364 ,-
1043 325 1215 364 Nemini
1233 331 1294 371 jus
1312 328 1549 371 ademptum
1583 326 1869 366 intereffentiae

556 379 756 428 praediffis
772 377 959 417 Adtibuss
978 377 1191 416 Sublatum
1211 378 1421 416 dumtaxat
1436 377 1636 428 aliquibus
1652 380 1715 423 jus
1733 378 1871 418 suffra-

555 433 612 481 gii
631 429 789 471 ferendi
809 457 821 475 ‚
840 429 1152 479 accipiendique
1172 430 1460 475 honorarium,
1496 429 1602 480 quod
1617 439 1866 482 utrumque)

556 492 644 524 erat
661 483 846 522 Ecclefiae
867 483 1103 520 damnosum
1122 512 1132 521 .

505 538 571 581 Ad
589 535 703 576 XVI.
719 534 1128 573 Administrationem
1159 533 1399 572 Sodalitatis
1436 533 1587 572 Rosarii
1605 533 1645 572 B.
1666 533 1728 572 M.‘
1739 534 1787 573 V.
1809 535 1870 572 in-

557 589 747 629 cumbere
774 587 957 625 Parocho
984 587 1194 631 probatum
1208 584 1285 623 effe
1302 599 1345 624 ex
1363 586 1633 633 antiquissima
1655 586 1867 624 visitatio-

559 653 608 681 ne
626 640 718 679 anni
740 644 849 678 1608.
868 669 878 678 .
896 638 1094 677 Rationes
1112 641 1185 676 suae
1202 637 1555 676 administrationis
1573 649 1593 690 a
1607 637 1787 676 Parocho
1801 652 1871 677 an-

558 706 611 732 no
635 704 745 739 1757.
764 691 963 730 exhibitas
980 690 1093 729 fuisse
1113 691 1349 729 Vifitatori.
1379 690 1443 728 Ab
1474 692 1550 727 hoc
1574 689 1687 728 luiffe
1708 690 1868 738 dispun-

561 747 642 784 c‘tas
660 770 674 789 ,
691 746 728 784 Sc
746 743 896 783 deinde
910 745 1079 782 decreto
1097 743 1307 782 Ordinarii
1325 741 1576 781 Coloniensis
1604 744 1838 789 approbatas
1855 771 1867 781 .
1894 756 1896 758 ·

559 796 642 848 Juri
657 796 811 836 idcirco
826 796 1044 834 consonum
1062 796 1136 834 effe
1152 821 1163 840 ‚
1194 803 1238 832 ut
1253 803 1338 832 rata
1353 796 1545 833 habeatur
1563 793 1704 832 eadem
1734 794 1870 832 reddi-

562 851 623 888 tio
642 848 811 886 rationis
827 873 839 891 ,
870 847 962 895 quia
980 859 1024 886 ea
1043 847 1230 895 legitime
1248 847 1370 885 semel
1388 846 1548 894 expleta
1564 871 1577 888 ,
1608 858 1683 883 nou
1699 849 1867 893 probato

563 903 648 946 ejus
662 912 813 943 errore,
830 899 943 938 firma
960 898 1037 938 effe
1053 900 1175 938 debet
1193 924 1203 943 ,
1220 911 1295 936 non
1317 897 1499 937 iteranda
1517 927 1526 936 .
1555 900 1638 946 Leg.
1663 901 1765 935 vnic.
1784 901 1869 937 Cod.

562 955 607 991 de
637 965 747 990 error.
778 952 915 990 Calcat.
935 978 947 998 ,
980 955 1021 994 ἴς·
1050 952 1161 1000 leg.8.
1184 950 1228 999 ff
1244 952 1288 987 de
1303 951 1502 999 administr.
1528 952 1616 988 Rer.
1645 951 1692 986 ad
1711 953 1866 989 Civitat-

547 1006 721 1055 speciant.

506 1054 575 1097 ‘Ad
595 1055 726 1094 XVII.
747 1055 907 1094 Rationi
925 1082 936 1101 ‚
957 1068 1000 1094 ac
1018 1056 1095 1101 juri
1109 1055 1283 1094 maxime
1300 1056 1445 1094 decere
1462 1080 1472 1099 ,
1491 1064 1535 1093 ut
1553 1054 1681 1093 altera
1711 1067 1755 1093 ex
1775 1054 1867 1093 Cla-

560 1110 675 1148 vibus
707 1117 794 1145 tum
819 1108 1006 1146 Archivii
1031 1120 1165 1147 rerum
1194 1107 1401 1150 Ecclefiae‚
1428 1116 1513 1144 tum
1539 1105 1671 1153 Capsa*
1697 1107 1870 1144 oblatio·

558 1173 655 1199 num
671 1173 739 1208 pro
754 1159 996 1208 Pauperibus
1017 1160 1243 1198 retineatur
1260 1171 1282 1197 a
1302 1159 1482 1197 Parocho
1500 1187 1509 1196 .
1531 1159 1646 1196 Hanc
1662 1159 1866 1197 retentio-

556 1223 651 1252 nem
666 1212 881 1250 consonam
899 1209 976 1250 esse
993 1211 1165 1250 Statutis
1187 1211 1454 1258 Synodalibus
1472 1240 1480 1248 .
1512 1209 1652 1247 Clavis
1681 1211 1870 1248 traditio-

557 1276 651 1303 nem
672 1264 710 1301 in
728 1265 816 1302 aestu
836 1263 1088 1302 Visitationis
1103 1264 1149 1301 ab
1165 1264 1349 1300 omnibus
1364 1263 1570 1300 laudatam
1589 1288 1600 1306 ,
1630 1263 1666 1301 8<
1681 1274 1860 1313 exequu>

558 1316 662 1354 tioni
681 1315 913 1353 mandatam
931 1328 1005 1354 non
1025 1316 1147 1354 licere
1167 1315 1204 1352 in
1221 1315 1535 1352 controversiam
1555 1314 1728 1362 amplius
1748 1327 1869 1352 revo-

556 1380 647 1406 care
667 1397 677 1407 .
724 1367 791 1411 Et,
827 1380 951 1416 quum
979 1368 1149 1406 aliarum
1176 1366 1365 1405 Clavium
1395 1367 1569 1404 custodia
1597 1367 1734 1404 existat
1764 1366 1871 1415 apud

556 1418 714 1458 AEdiles
733 1443 746 1462 ‚
767 1419 918 1465 potiori
933 1422 1019 1465 jure
1037 1419 1258 1458 convenire
1271 1443 1283 1462 ‚
1312 1427 1354 1459 ut
1372 1419 1636 1456 concredatur
1654 1419 1780 1456 etiam
1796 1419 1872 1456 Pa-

557 1470 682 1509 rocho
698 1493 710 1513 ‚
727 1470 773 1507 ad
791 1483 913 1518 quem
931 1471 1036 1508 Cura
1050 1470 1227 1518 pertinet
1245 1481 1378 1507 rerum
1397 1470 1578 1508 Eccleliae
1598 1493 1609 1512 ,
1628 1470 1776 1519 quique
1793 1470 1873 1509 Ca-

556 1530 628 1571 put
646 1523 695 1560 est
712 1520 840 1559 totius
857 1521 1001 1571 Coetus
1018 1521 1281 1559 Ecclefiastici
1299 1550 1309 1560 .
1337 1521 1398 1559 De
1414 1520 1541 1560 Clave
1562 1522 1750 1559 Archivii
1767 1525 1868 1560 hanc

559 1572 671 1612 fuisse
689 1572 944 1610 Sententiam
977 1573 1061 1610 Sac.
1092 1571 1429 1618 Congregationis
1464 1573 1500 1607 in
1518 1572 1759 1618 Senogallien.
1792 1574 1870 1622 Ju-

561 1629 656 1662 rium
670 1624 940 1661 parochialium
953 1649 965 1668 ,
981 1627 1022 1666 ὠ·
1038 1623 1399 1660 Praeemirtentiarum
1414 1624 1473 1658 die
1492 1650 1502 1659 η
1522 1652 1532 1660 .
1549 1651 1559 1660 .
1575 1651 1584 1659 .
1609 1636 1622 1659 1
1633 1636 1722 1668 753.

509 1676 575 1717 Ad
594 1675 750 1714 XVIII.
768 1675 919 1713 Exinde
936 1675 1076 1724 sequi,
1094 1673 1262 1712 Parochi
1280 1686 1442 1723 quoque
1459 1674 1670 1712 confilium
1699 1674 1776 1714 esse
1795 1689 1863 1715 ex-

560 1726 802 1778 quirendum
833 1727 1152 1765 indistribuendis
1182 1725 1334 1764 eisdem
1381 1726 1658 1764 oblationibus
1702 1727 1742 1764 in
1773 1729 1860 1776 pias

562 1778 710 1818 Causas
726 1802 738 1822 ,
757 1779 820 1816 vel
842 1778 1100 1817 investiendis
1118 1777 1256 1816 favore
1284 1777 1463 1815 Ecclesia:
1481 1806 1491 1815 .
1520 1777 1666 1816 Redire
1697 1781 1866 1826 expensa

562 1831 615 1869 ad
630 1829 925 1876 praecedentem
946 1830 1202 1880 quaestionem
1219 1858 1229 1867 .
1246 1827 1444 1867 Conferre
1460 1829 1625 1867 decreta
1643 1830 1862 1870 Vifitatio-

559 1883 621 1920 nis
640 1881 729 1919 anni
753 1886 861 1927 1678.
878 1896 892 1921 ,-
908 1882 1119 1931 Magisque
1139 1893 1280 1929 urgere
1294 1906 1305 1923 ‚
1328 1893 1413 1930 quat
1431 1881 1481 1920 de
1502 1881 1644 1920 eadem
1673 1894 1714 1919 re
1733 1884 1864 1921 tradi-

557 1943 600 1972 ta
618 1935 810 1982 leguntur
826 1933 990 1971 inAffix
1006 1933 1138 1980 Ecclesl
1155 1933 1402 1972 Mediolanen.
1426 1933 1497 1980 sub
1521 1936 1560 1971 S.
1584 1934 1706 1971 Carolo
1737 1936 1866 1974 Borra-

561 2000 642 2023 maeo
657 1995 736 2022 tom.
747 1986 856 2030 1.sol.
868 1991 950 2024 168:
968 1986 1062 2034 vers.
1084 1988 1133 2022 ‘Ut
1142 1989 1212 2035 piis
1228 2014 1236 2023 .

507 2038 573 2077 Ad
590 2036 706 2075 XIX.
733 2036 969 2076 Advertunt
999 2037 1259 2076 promotores
1289 2037 1412 2076 Dubii
1442 2036 1658 2076 formulam
1689 2039 1869 2086 praesefe-

559 2098 719 2129 rentem
736 2114 749 2133 ,
779 2101 826 2127 an
855 2090 1113 2137 eleemosyna
1143 2089 1445 2128 hebdomadalis
1476 2090 1521 2128 fit
1549 2099 1707 2129 tantum
1737 2092 1866 2130 distri-

556 2141 712 2180 buenda
733 2141 970 2189 pauperibus
1000 2142 1238 2180 habentibus
1263 2141 1538 2180 testimonium
1566 2142 1765 2186 parochi,
1794 2145 1861 2182 vel

558 2193 863 2231 Sacellanorum
881 2219 894 2238 ‚
913 2192 1140 2232 discordem
1158 2193 1397 2243 aliqualiter
1414 2192 1488 2231 esse
1503 2207 1524 2232 a
1541 2194 1730 2233 Decretis
1748 2195 1866 2235 Vica«

556 2243 608 2284 rii
626 2244 840 2283 Generalis
857 2270 868 2289 ‚
882 2245 1025 2296 quibus
1044 2244 1091 2283 ad
1106 2246 1373 2284 avertendum
1391 2271 1402 2290 ‚
1423 2258 1470 2283 ne
1490 2246 1758 2295 eleemosynae
1778 2256 1863 2286 tra—

557 2297 703 2335 dantur
719 2295 928 2345 improbis,
948 2297 985 2335 Sc
1000 2296 1173 2344 indignis
1192 2297 1230 2334 in
1249 2297 1439 2336 damnum
1458 2297 1694 2336 timentium
1714 2300 1864 2344 Deum,

557 2349 748 2394 jubetur,
783 2356 829 2387 ut
846 2351 1031 2397 quotannis
1036 2347 1173 2397 saltem
1201 2350 1252 2387 D.
1285 2350 1438 2398 Pastoris
1455 2372 1467 2392 ‚
1497 2361 1560 2387 aut
1588 2352 1864 2391 sacellanorum

558 2401 794 2450 testimonium
810 2405 980 2449 exigatur
996 2431 1006 2438 .

509 2452 714 2492 Postulant
732 2452 887 2492 idcirco
904 2476 916 2496 ‚
936 2462 981 2490 ut
1000 2453 1218 2492 secuudum
1235 2456 1316 2491 haec
1334 2451 1499 2492 decreta
1517 2457 1683 2501 praesens
1711 2457 1869 2505 quaestio

560 2503 808 2548 absolvatur,
823 2505 1098 2555 suggerentes,
1113 2504 1151 2543 in
1170 2505 1438 2552 eleemosynis
1451 2504 1725 2548 distribuendis
1744 2510 1870 2548 tutio·-

558 2567 645 2594 rem
663 2568 743 2594 non
758 2554 834 2595 esse
852 2551 960 2595 biam
973 2582 986 2602 ,
1006 2568 1125 2606 quam
1142 2555 1377 2607 exquirendi
1395 2557 1668 2598 testimonium
1698 2561 1868 2600 Parochi

556 2607 607 2645 de
626 2606 711 2646 vita
729 2631 741 2650 ‚
759 2608 797 2646 ὃς
814 2608 993 2647 moribus
1013 2608 1176 2646 illorum
1191 2633 1204 2652 ‚
1219 2606 1286 2656 qui
1304 2607 1395 2646 illas
1413 2610 1742 2651 hebdomadatim
1758 2613 1867 2651 acci-

557 2658 677 2707 piunt
690 2687 700 2695 .
719 2657 888 2697 Nemini
908 2660 1071 2703 melius,
1087 2671 1204 2708 quam
1222 2658 1411 2697 Parochis
1429 2672 1475 2699 ex
1489 2661 1863 2704 administratione-2

560 2713 917 2752 sacramentorum
949 2719 1180 2763 compertas
1208 2708 1283 2752 effe
1314 2711 1570 2755 neceffitates
1587 2741 1600 2763 ‚
1627 2718 1666 2758 δι
1693 2717 1868 2767 qualita-

1804 2777 1867 2808 tes
