2007 3005
498 163 1190 203 CONCLUSIONUM.

137 214 334 250 determimtis
350 236 362 252 ,
390 215 438 246 sed
451 214 567 256 reliquis
579 214 708 256 generice
719 234 730 251 ‚
747 215 774 243 δι
790 213 837 242 in—

137 256 324 290 determinate
338 257 482 297 imperatis
493 257 592 287 cedere
606 255 692 286 debet
699 263 803 295 pagus
810 261 836 290 3.

140 303 164 333 §.
174 301 295 330 frastra
306 318 315 327 .

99 339 299 371 nomicidium
308 338 421 378 quando
432 338 545 368 dicatur
557 335 749 366 voluntarium
767 355 780 371 ,
792 333 841 365 vel

138 378 252 411 casuale
268 399 279 415 ‚
296 389 330 408 ex
341 378 560 409 circumstantiis
574 376 759 417 cognoscitur
776 395 788 412 ,
811 377 839 406 ὃ(

138 432 202 461 quae
218 418 276 450 istae
288 419 409 459 fintpag.
420 428 487 454 231.
504 424 529 453 fi.
548 417 654 448 Tenent
669 438 678 446 .

95 461 296 491 Homicidium
314 459 509 489 voluntarium
526 458 711 488 co'mmittens
736 466 754 486 a
777 455 836 488 Mi-

132 500 250 531 nisterio
261 499 368 530 Altaris
376 498 512 539 perpetuo
527 497 664 528 arcendus
679 496 719 527 est
724 507 752 538 p.
765 507 820 535 231
828 517 837 526 .

133 545 160 576 §0
169 544 231 571 Ηώς
238 551 286 580 pro
296 541 445 570 obtinenda
456 560 466 568 .

93 581 295 612 Homicidium
308 581 494 610 committens
506 579 536 609 in
552 578 648 609 calore
661 578 813 609 iracundiae
825 598 840 614 ,

132 623 236 662 dignus
248 621 289 651 est
295 620 546 650 commiseratione
555 641 573 657 ,-
592 630 676 660 atque
688 618 838 660 indulgen·

133 664 173 692 tia
182 673 245 701 pag.
256 670 324 697 230.
334 665 360 695 §-
368 662 433 690 Ait.

92 703 254 733 Homicidii
271 702 412 731 memoria
426 701 465 731 ob
482 700 592 740 lapsum
604 700 717 730 decenii
742 699 840 730 subla-

133 753 160 772 ta
171 743 348 782 praesumitur
358 751 424 781 pag.
436 750 468 776 ις
478 751 503 770 1.
513 745 538 774 §-
554 742 680 780 Denique
692 760 702 769 .

90 784 185 814 Horas
199 783 365 811 canonicas
378 781 485 811 debent
495 780 624 819 quotidie
642 779 775 818 psallere,
785 780 837 820 qui

131 821 350 852 cathedralium
368 842 380 857 ‚
402 824 431 850 ὅ(
460 818 691 860 collegiatarum
715 820 839 850 servitio

129 865 195 893 sunt
207 862 311 891 addiffi
319 872 386 901 pag.
402 861 500 895 192..§.
516 861 741 902 Per-pendendam
754 881 763 890 .

168 902 292 942 Reliqua
309 901 368 930 vid.
386 900 516 930 Canonici
528 920 538 929 .

445 981 483 1056 Ι

131 1100 364 1136 Mmemorabilis
382 1102 602 1132 consuetudinis
617 1111 696 1132 tanta
716 1102 760 1133 vis
776 1103 839 1140 est,

142 1156 173 1175 ut
199 1143 370 1184 quandoque
400 1143 499 1172 vincat
531 1144 601 1181 juris
627 1143 838 1176 refistentiam...

123 1196 190 1228 pag.
203 1194 268 1222 195.
277 1186 302 1216 Φ.
316 1183 428 1222 Ambigi
437 1204 445 1212 .

164 1229 220 1256 Per
246 1235 311 1255 eam
336 1223 558 1263 praescribuntur
578 1227 644 1263 jura
661 1223 770 1266 regalia
781 1223 840 1254 ibi·-

126 1268 190 1296 dem
207 1287 215 1294 .

166 1310 202 1337 Et
210 1306 327 1336 decimae
337 1305 520 1337 Parocliiales
529 1307 600 1336 ibid.

171 1349 268 1387 Atque
277 1347 365 1376 etiam
378 1347 552 1386 Episcopalis
560 1346 722 1384 jurisdifflo
738 1347 808 1376 ibid.

88 1388 263 1427 Impote'ntia
285 1387 320 1415 ad
354 1388 576 1416 Matrimonium
602 1387 840 1418 disiolvendum.»

127 1426 280 1468 quotuplex
298 1425 402 1465 fitpag.
423 1436 488 1462 ¹99·
498 1431 522 1460 §-
544 1427 688 1465 Triplicem
700 1448 708 1455 .

169 1467 251 1507 Qid
274 1467 306 1495 in
323 1476 497 1504 unoquoque
524 1468 592 1496 casu
622 1466 766 1507 agendum
790 1465 840 1496 fit.

131 1508 200 1536 ibid.

93 1547 269 1586 Impotentia
295 1544 464 1575 verosimilis
478 1567 490 1582 ,
517 1548 544 1576 ὃ(
562 1545 710 1576 moraliter
725 1556 842 1577 certa-a

129 1588 264 1626 probatur
279 1586 426 1616 evidentia
434 1587 502 1615 faoi
519 1607 530 1622 ‚
551 1589 579 1615 &
591 1587 752 1616 Peritorum
765 1587 841 1617 tela·

134 1628 214 1656 tione
225 1636 291 1666 pag.
304 1636 368 1662 199.
378 1630 403 1658 §-
414 1626 525 1664 Ambigz'
535 1647 542 1654 .

172 1667 336 1696 Accedente
351 1666 505 1704 praesertim
518 1667 682 1705 incorrupta
707 1666 843 1697 Mulieris

134 1707 299 1747 virginitate
319 1726 330 1742 ,
355 1710 382 1735 ὅ(
402 1706 528 1736 univoca
558 1706 735 1736 confessione
751 1717 844 1739 tum...

133 1749 281 1786 utriusque
310 1747 459 1786 Coniugis
471 1766 483 1782 ,
510 1756 570 1775 tum
595 1747 722 1786 septimae
739 1756 842 1777 manus

132 1788 361 1826 Propinquorum
375 1787 444 1815 ibid.

93 1828 268 1868 Inpotentia
280 1826 399 1856 minime
412 1825 549 1865 probatur
564 1837 597 1856 ex
610 1828 711 1866 quoin
724 1828 787 1858 netu
797 1839 844 1858 re-

132 1867 310 1909 cognitionis
331 1867 392 1896 Viri
409 1877 471 1905 pars
493 1868 651 1897 immortua
663 1888 675 1903 ,
699 1877 783 1908 atque
793 1869 841 1898 in-

135 1918 179 1938 ers
187 1906 363 1946 apparuerit,
394 1918 458 1936 cum
475 1907 504 1936 id
523 1907 557 1936 ad
575 1909 797 1945 verecundiam,
811 1911 840 1938 &

134 1947 293 1979 naturalem
310 1947 444 1984 pudorem
461 1948 560 1977 referri
575 1947 658 1987 poffit
677 1958 742 1989 pag.
772 1959 841 1980 200.

139 1994 163 2023 ᾖ.
175 1990 334 2028 Sper-nenda
343 2007 352 2015 .

95 2028 244 2059 Incolatus
257 2047 264 2055 .
279 2026 346 2055 Vid.
356 2027 534 2057 Domicitium
547 2050 556 2059 .

96 2068 242 2100 Incolatus
257 2065 352 2106 quoad
368 2065 540 2098 civilitatem
557 2069 756 2109 acquirendam
768 2069 837 2101 Vid.

141 2108 276 2138 civilitas
287 2127 296 2135 .

99 2147 318 2179 Incontinentioe
352 2146 543 2184 suspicionem
570 2159 632 2188 quae
659 2149 811 2182 excludant
825 2170 839 2188 ,

141 2199 201 2227 quae
214 2187 350 2217 suadeant
358 2190 493 2225 pag-183·
506 2192 531 2222 §—
547 2191 679 2219 Advertit
695 2212 703 2221 .

102 2229 226 2257 Infamia
238 2227 415 2257 contrahitur
429 2237 461 2255 ex
473 2228 545 2266 turpi
557 2248 570 2264 ,
589 2231 618 2258 St
636 2229 784 2261 inhonesta
797 2231 843 2262 vi-

143 2267 227 2297 vendi
243 2268 354 2296 ratione
366 2277 502 2306 pag-2321.
520 2270 544 2300 ὁ.
557 2270 719 2300 Notandum
735 2292 744 2300 .

190 2309 295 2335 Verum
308 2307 463 2347 detergitur
475 2318 508 2337 cx
518 2308 693 2347 subsequuta
704 2319 816 2340 morum
830 2331 844 2348 ,

142 2350 171 2376 ἃ
185 2347 249 2376 vitae
262 2348 461 2377 emendatione
482 2358 531 2387 per
544 2349 700 2378 triennium
717 2349 844 2381 saltem..

151 2388 321 2416 continuata
350 2388 420 2416 ibid.
442 2389 538 2428 &seq-

101 2428 298 2459 *Inhibitiones
315 2427 448 2457 adversus
460 2428 573 2458 decreta
585 2429 662 2459 edita
679 2429 710 2459 in
723 2429 847 2459 Sac.Vi-.

149 2468 277 2497 xitatione
299 2478 359 2496 non
378 2468 560 2499 attenduntur
573 2479 640 2509 pag.
657 2480 707 2506 ις.
726 2475 750 2505 §-
767 2470 844 2499 Inhi-

149 2510 231 2536 bendi
244 2528 253 2543 ‚
275 2514 309 2537 δ’
324 2512 348 2541 ᾗ.
359 2510 445 2537 Immo
457 2529 465 2538 .

110 2547 304 2585 Iri-egularitas
319 2549 348 2576 in
364 2548 507 2579 dubietate
524 2550 593 2580 fadi
617 2561 763 2591 nunquam
775 2561 846 2590 ptae-

100 2598 102 2600 ’
148 2590 269 2618 sumitur
280 2609 290 2624 ‚
311 2592 337 2617 δι
353 2598 452 2618 contra
467 2600 531 2621 eam
544 2592 794 2630 pronunciandum
804 2591 845 2621 est

147 2639 211 2668 pag.
226 2639 292 2657 221.
308 2635 332 2663 φ.
347 2630 491 2668 Perperam
508 2652 517 2663 ,

110 2668 307 2711 Irregularitas
323 2679 356 2698 ex
365 2669 524 2701 homicidio
535 2671 600 2702 Vid.
616 2673 801 2702 Homicidium
817 2694 826 2702 .

109 2709 219 2745 ludices
237 2709 419 2741 eedeliastiei
448 2711 483 2742 ad
510 2713 696 2745 coercendam
719 2713 849 2745 subdito-

918 225 980 245 rum
994 214 1140 245 licentiam
1160 218 1276 245 utuntur
1291 215 1418 246 censuris
1430 236 1440 252 ,
1462 217 1489 246 ὃ(
1505 181 1617 249 ιτιυῐέὲίε

915 260 1030 295 pag.z6.
1049 261 1073 290 §5-
1084 260 1119 285 At
1131 256 1219 291 nibzl,
1237 261 1271 285 U*
1290 259 1314 290 ὦ.
1330 258 1373 285 Ad
1382 258 1457 286 XII.

879 298 944 332 Jura
960 294 1141 325 parochialia
1158 306 1219 335 quae
1233 295 1284 324 fint
1293 305 1357 335 pag.
1367 301 1416 333 96.
1431 302 1456 332 55.
1469 300 1557 327 Addit
1573 320 1581 328 .

879 339 945 373 Jura
957 337 1040 365 unius
1057 336 1205 375 Coniugis
1218 336 1331 376 integra
1341 347 1459 366 manent
1476 348 1540 368 ante
1550 341 1622 368 Pro-

921 375 1070 406 feffionem
1088 375 1204 406 alterius
1217 395 1229 411 ,
1250 376 1359 406 etiamsi
1379 377 1558 417 Religiosum
1571 380 1623 409 ha·

925 417 1016 446 bitum
1034 415 1210 455 assumpserit
1219 421 1355 457 pag-183·
1367 423 1392 452 §-
1403 419 1524 447 Demum
1533 441 1541 448 .

877 457 1039 495 Jurisdiffio
1057 457 1202 487 ordinaria
1227 458 1358 497 Episcopi
1374 458 1568 498 compatibilis
1583 459 1622 489 est

920 508 984 529 cum
1010 497 1231 537 particularibus
1246 498 1357 528 affibus
1370 500 1578 537 jurisdiCtionis
1606 509 1624 530 a

920 538 1043 584 Praelato
1061 539 1193 569 inferiori
1209 539 1341 571 exercitis.
1361 549 1428 581 pag.
1441 548 1486 575 32·
1510 545 1536 576 §-
1553 542 1624 570 Pru*

921 588 1028 609 mztm.

879 620 1040 657 Jurisdifflo
1063 630 1124 651 tum
1148 620 1312 660 temporalis
1323 641 1334 658 ,
1352 631 1412 652 tum
1429 620 1584 661 spiritualis
1606 631 1624 650 a

923 659 1046 690 Praelato
1058 661 1197 692 inferiore
1210 663 1333 692 exercita
1343 673 1392 701 per
1403 672 1514 702 tempus
1523 663 1625 692 imme-

921 701 1065 731 morabile
1085 713 1144 732 non
1161 702 1202 732 est
1213 703 1416 741 proscribenda
1427 725 1435 732 .
1445 704 1513 731 ibid.

962 741 1041 771 Hinc
1056 742 1180 772 constito
1195 744 1230 772 de
1245 743 1409 780 hujusmodi
1422 742 1560 773 exercitio
1571 752 1625 781 po-

920 780 973 811 test
982 781 1118 811 Praelatus
1136 783 1257 811 inferior
1272 784 1393 812 retinere
1402 783 1546 812 Vicarium
1560 802 1572 818 ,
1596 784 1626 811 &

920 821 1063 851 Tribunal
1094 832 1160 852 cum
1188 821 1301 851 familia
1330 832 1438 853 armata
1454 824 1552 863 pagin.
1579 830 1624 858 32.

921 866 949 896 9.
960 860 1054 901 Inftrt
1069 883 1079 891 .

959 902 1074 941 Erigere
1086 901 1201 942 insuper
1230 902 1261 932 in
1281 902 1508 942 quibuscumque
1525 901 1625 932 Eccle-

920 940 964 971 fiis
976 942 1120 972 Beneficia
1136 941 1328 972 Ecclefiastica
1340 964 1351 979 ‚
1381 946 1408 972 &
1423 945 1619 983 jurapatrona-

918 991 965 1014 tus
981 984 1144 1020 reservare,
1162 993 1194 1013 ac
1205 984 1358 1013 transferre
1376 1005 1384 1013 .
1413 984 1482 1013 ibid.

956 1024 1029 1052 Item
1041 1023 1208 1054 facultatem
1225 1024 1418 1053 concionandi
1438 1024 1593 1054 concedere
1612 1044 1624 1059 ,

918 1063 945 1092 8(
964 1064 1196 1095 benediffionem
1212 1064 1469 1094 concionatoribus
1492 1064 1624 1103 imperti·

919 1104 944 1132 ri
958 1125 965 1133 .
977 1104 1047 1134 ibid.

959 1146 1023 1173 Nec
1048 1154 1107 1174 non
1132 1144 1278 1176 licentiam
1309 1145 1435 1175 tribuere
1463 1144 1627 1185 exponendi

919 1184 1036 1214 SSriium
1053 1185 1234 1216 Eucharistiae
1247 1187 1461 1215 Sacramentum
1473 1207 1480 1215 .
1498 1186 1568 1214 ibid.

958 1226 1075 1255 Omnes
1086 1235 1224 1266 praeterea
1238 1225 1374 1256 Ecclesias
1388 1225 1497 1256 visitare
1511 1246 1519 1254 .
1532 1226 1603 1254 ibid.

954 1267 1073 1305 Insuper
1084 1265 1266 1305 Apostolicas
1280 1265 1390 1296 litteras
1406 1265 1509 1301 alteri,
1532 1275 1619 1305 quam

916 1307 1059 1346 Episcopo
1070 1306 1190 1337 direeas
1203 1328 1214 1344 ‚
1239 1308 1426 1347 exequutioni
1456 1306 1623 1336 committe-

921 1358 1021 1387 repag.
1034 1357 1081 1383 3²·-
1101 1352 1125 1382 §-
1140 1350 1242 1377 Eodem
1255 1369 1263 1377 .

962 1389 1125 1418 Licentiam
1139 1387 1302 1418 discedendi
1317 1387 1445 1419 Clericis,
1463 1387 1529 1417 dare
1544 1407 1552 1416 .
1570 1386 1631 1415 ibi--

923 1428 991 1455 den>
1005 1437 1014 1444 ·

966 1467 1141 1497 Facultatem
1151 1467 1314 1497 celebrandi
1328 1467 1515 1497 matrimonia
1523 1475 1629 1496 conce-

923 1506 988 1536 dere
999 1528 1006 1536 .
1023 1507 1092 1537 ibid.

966 1547 1203 1579 Ordinandorum
1219 1546 1350 1588 requisita
1362 1547 1525 1579 examinare
1538 1567 1547 1577 .
1573 1546 1627 1576 ibi-

921 1588 987 1615 dem
1003 1607 1011 1616 .

962 1626 1177 1658 Publicationes
1189 1629 1285 1658 facere
1297 1649 1305 1657 .
1317 1630 1390 1659 ibid.

964 1667 1075 1697 AEdich
1092 1668 1217 1698 relaxare
1230 1689 1238 1697 .
1251 1669 1320 1697 ibid.

966 1707 1158 1739 Probationes
1168 1730 1178 1746 ‚
1189 1719 1221 1739 ac
1234 1706 1334 1738 Testes
1347 1708 1472 1748 recipere
1489 1710 1570 1747 super
1581 1717 1628 1738 ve-

929 1747 1093 1778 rificatione
1108 1750 1206 1786 tituli,
1224 1748 1270 1778 vel
1281 1749 1453 1778 Patrimonii
1470 1769 1478 1778 .
1493 1749 1564 1777 ibzd.

894 1785 902 1788 ”
967 1791 1176 1829 Qascumque
1201 1789 1334 1828 personas
1357 1787 1506 1818 absolvere
1525 1798 1542 1816 a
1555 1789 1630 1825 jura—

925 1837 1024 1857 mento
1039 1848 1050 1864 ‚
1068 1831 1102 1857 ad
1115 1830 1243 1858 effeffiun
1261 1830 1291 1858 in
1306 1828 1415 1865 judicio
1434 1828 1560 1868 agendi,
1583 1827 1629 1857 vel

925 1868 1086 1906 excipiendi
1104 1891 1111 1897 .
1124 1871 1192 1898 ibid.

965 1909 1105 1939 Rationes
1120 1910 1208 1939 etiam
1224 1909 1260 1938 ab
1274 1908 1563 1940 Administratoribus
1575 1930 1587 1946 ,
1600 1910 1630 1939 δε

927 1950 1166 1981 Procuratoribus
1197 1951 1342 1981 Locorum
1357 1951 1474 1981 Piorum
1491 1951 1604 1990 exigere
1620 1969 1630 1980 .

922 1989 994 2023 ibid..

961 2030 1125 2063 Deficiente
1135 2032 1203 2063 veto
1219 2032 1337 2063 istorum
1356 2033 1467 2063 affixum
1487 2029 1628 2061 exercitio

920 2081 968 2110 per
980 2082 1089 2112 tempus
1102 2072 1333 2104 immemorabile
1344 2094 1354 2110 ,
1377 2073 1488 2103 nullum
1507 2083 1542 2102 ex
1555 2082 1625 2110 prx-

920 2111 1018 2142 relatis
1030 2114 1140 2144 astibus
1155 2113 1292 2145 Praelatus.
1299 2114 1421 2144 inferior
1443 2112 1534 2153 potest
1545 2121 1630 2142 exet-v

924 2162 988 2181 cere
1001 2173 1008 2181 .
1021 2153 1111 2189 ibid„
1128 2156 1156 2183 &
1167 2163 1250 2193 pag.3
1259 2164 1285 2191 3.
1297 2159 1323 2189 ο.
1336 2158 1438 2184 Contra
1457 2174 1465 2182 .

881 2192 1045 2230 Jurisdiffio
1061 2193 1137 2232 quasi
1152 2193 1326 2233 Episcopalis
1342 2192 1496 2232 acquiritur
1507 2190 1623 2228 privile-

925 2234 974 2273 gio
989 2232 1035 2262 vel
1050 2232 1173 2273 expresso
1184 2254 1194 2270 ‚
1212 2233 1256 2263 vel
1283 2235 1455 2271 praesumpto
1473 2240 1506 2258 ex
1519 2229 1620 2273 imme-

923 2272 1060 2302 morabili
1079 2273 1286 2303 consuetudine
1297 2292 1309 2308 ‚
1340 2280 1388 2300 aut
1403 2270 1625 2310 quadragenaria

924 2324 992 2343 cum
1008 2312 1177 2353 titulopag.3
1186 2323 1211 2349 5.
1231 2317 1256 2347 ᾗ.
1267 2314 1370 2353 Quum
1384 2313 1470 2339 Sacra
1482 2330 1490 2338 .

885 2353 1048 2384 Iurisdiffio
1063 2354 1207 2393 privativa
1217 2361 1317 2381 contra
1329 2351 1497 2390 Episcopum
1525 2348 1623 2388 acqui-

925 2395 998 2423 titur
1008 2413 1020 2429 ,
1040 2394 1156 2432 quando
1188 2394 1344 2430 Episcopus
1357 2399 1504 2429 nunquam
1518 2388 1626 2420 illam.-

926 2433 1072 2468 exercuit,
1104 2442 1189 2472 atque
1209 2431 1326 2460 ulterius
1346 2428 1480 2459 Praelatus
1504 2428 1629 2460 inferior

927 2473 1119 2509 contradixit,
1146 2475 1172 2501 8(
1190 2472 1343 2510 Episcopus
1354 2470 1500 2510 acquievi!
1506 2472 1625 2509 pag-3⁶-

929 2518 955 2546 §.
969 2514 1179 2541 Advertendum
1197 2532 1204 2540 .

889 2551 938 2582 Ius
961 2552 1048 2581 tertio
1064 2551 1208 2592 quaefitum
1235 2551 1367 2593 abrogari
1388 2561 1448 2583 non
1474 2549 1560 2582 debet
1572 2558 1633 2590 pa-

922 2593 998 2632 gin.3
1003 2602 1033 2629 9.
1045 2597 1069 2628 §-
1082 2597 1183 2624 Contra
1199 2594 1264 2621 vero'
1276 2613 1284 2622 .

887 2635 934 2671 Jus
941 2632 1065 2675 eligendi
1077 2654 1087 2667 .
1104 2633 1170 2666 Vid.
1183 2633 1285 2665 Eteffio
1297 2654 1307 2666 .

1563 2750 1629 2782 Lai-
