2007 3005
569 151 628 188 ω’,
649 146 828 198 Januarii
847 151 960 196 1768.
1429 167 1471 198 25

135 205 212 252 hac
230 198 655 250 Sac.Congregatione
673 199 787 240 fuiise
803 200 1061 244 declaratum
1077 234 1086 242 .
1103 203 1245 253 Quum
1261 206 1374 244 enim
1394 218 1468 253 pro

135 253 334 304 augendis
350 253 550 293 reditibus
570 252 810 293 tenuiffimae
825 253 1079 297 Parochialis
1099 257 1188 305 plus
1209 269 1330 306 quam
1347 259 1469 297 mille

134 308 308 348 Animas
323 307 509 346 habentis
525 332 538 350 ‚
553 306 817 352 Coadjutoris
834 306 1059 349 assumendi
1085 309 1220 359 gratia
1248 313 1467 361 quaefitum

136 359 237 400 esset
253 386 266 404 ‚
283 372 330 398 an
349 358 504 412 possent
519 360 716 407 compelli
734 359 980 401 Parochiani
1000 388 1012 407 ‚
1032 374 1158 414 quum
1179 362 1285 402 alius
1318 363 1464 403 modus

135 426 214 452 non
229 413 463 461 suppeteret
482 436 495 456 ‚
509 411 597 451 Sac.
613 411 893 462 Congregatio
909 414 1069 455 censuit
1099 413 1252 454 dandas
1290 414 1367 456 effe
1398 415 1470 455 lit-

133 476 242 506 teras
259 466 309 505 ad
324 464 695 515 Archiepiscopum
713 464 967 512 Theatinum
986 493 999 515 ‚
1017 476 1062 511 ut
1077 479 1172 509 curn
1193 468 1463 510 universitate

140 527 305 568 ageret.
1475 522 1479 527 “

83 571 283 612 Alterum
299 579 497 621 praeterea
515 571 775 619 inspestionis
790 580 915 622 caput
933 576 986 616 est
1002 599 1017 619 ‚
1048 588 1145 614 num
1162 575 1382 618 dicendum
1396 577 1462 622 fit,

136 625 297 666 Fratres
316 625 365 664 de
384 624 614 664 Narduccis
629 625 827 666 Patronos
845 638 945 666 onus
963 627 1189 677 acceptasse
1205 630 1456 675 coadjuvan-

133 678 177 716 di
192 677 422 717 Par-ochum
437 703 450 723 ‚
465 687 590 729 atque
608 678 761 718 idcirco
775 681 838 724 ius
859 680 1025 721 amisisse
1043 681 1212 729 petendi
1233 682 1344 721 illius
1363 695 1464 722 one-

131 730 187 770 ris
204 730 513 778 abrogationem
531 759 542 768 .
572 731 815 781 Acceptaffe
830 734 921 772 sane
936 731 1102 773 videtur
1115 733 1338 784 Gregorius
1356 733 1466 776 Nar,-

133 783 254 822 ducci
271 809 285 829 ,
304 783 371 834 qui
390 783 574 824 Fratrem
591 784 707 823 suum
724 784 1017 825 Bernardinum
1036 785 1285 837 nominando
1307 785 1366 830 ‚ad
1382 787 1462 826 Ca-

132 836 357 885 pellaniam
374 860 386 880 ‚
404 848 452 875 ea
468 836 624 882 adjecit
640 838 787 877 verba:
817 853 844 874 ε.-
875 839 946 875 Con
963 840 1027 876 che
1047 838 1180 889 peraf'l
1204 838 1304 876 detto
1319 840 1459 886 Sigmr

129 887 416 937 Bernardiaosta
436 898 559 927 tenuta
578 890 761 939 adexapire
777 892 868 928 tutti
883 915 896 935 ‚
923 904 942 928 e
948 890 1079 939 singoli
1096 891 1168 938 pest
1187 916 1198 935 ‚
1227 891 1274 927 ed
1290 891 1451 939 obblighi

130 938 314 978 contributi
335 967 346 986 ,
363 942 409 978 ed
426 941 565 990 espreffi
572 942 632 979 nel
636 942 787 990 sudetto
823 938 1094 992 Istromento'di
1121 945 1293 988 crezjone
1316 943 1451 980 della„

132 993 367 1042 cappellania
383 1023 392 1032 .
422 1009 450 1029 =
479 994 738 1042 Acceptavit
759 995 888 1033 etiam
907 995 1176 1035 Bernardinus
1202 995 1251 1034 ad
1267 994 1458 1044 Capella·-

129 1046 239 1084 niam
259 1047 541 1094 praesentatus,
561 1056 651 1085 tum
670 1048 708 1086 in
732 1048 904 1096 supplici
921 1048 1064 1087 libello
1079 1072 1093 1091 ,
1113 1061 1235 1098 quem
1256 1047 1343 1086 Sac.
1361 1047 1467 1086 Con·-

131 1098 366 1148 gregationi
391 1098 695 1148 lipffcopomm,
710 1100 748 1139 &
769 1100 1034 1150 Regularium
1051 1100 1231 1150 porrexit
1247 1113 1316 1149 pro
1336 1100 1468 1149 impe-

132 1151 274 1190 tranda
293 1149 496 1190 facultate
515 1152 655 1190 Sacros
671 1152 851 1191 Ordines
872 1153 1113 1202 suscipiendi
1131 1153 1261 1191 titulo
1280 1154 1463 1197 ejusdem

129 1202 382 1252 Capellaniae
404 1227 416 1246 ‚
432 1213 522 1242 tum
542 1203 580 1243 in
600 1204 712 1243 illius
732 1203 964 1253 poli'effione
982 1206 1179 1255 capienda
1196 1229 1210 1249 ‚
1245 1203 1464 1254 assumpto-

129 1268 206 1305 que
226 1256 265 1294 in
281 1258 358 1294 hoc
376 1257 465 1295 aestu
484 1269 608 1296 onere
626 1257 899 1303 coadjuvandi
915 1258 1144 1297 Parochum
1162 1258 1201 1296 in
1229 1257 1339 1297 Cura
1359 1258 1464 1296 Ani-

127 1320 289 1347 marum
306 1333 318 1353 ‚
336 1308 550 1348 silentibus
562 1310 733 1348 omnino
748 1311 901 1349 duobus
915 1311 1007 1349 aliis
1026 1310 1214 1351 Patronis
1234 1309 1454 1355 Liberato,

130 1361 169 1399 ὃς
186 1359 340 1409 Joanne
355 1361 405 1399 de
424 1360 677 1400 Narduccis:
707 1361 1002 1413 Inquirendum
1037 1363 1192 1402 idcirco
1214 1364 1265 1401 est
1282 1388 1296 1408 ,
1328 1372 1468 1401 utrum

130 1413 248 1451 locus
264 1413 440 1461 amplius
460 1414 612 1453 eisdem
631 1412 708 1452 esse
725 1414 841 1462 poffit
863 1416 1114 1454 reclamandi
1133 1415 1326 1452 adversus
1345 1426 1464 1456 onus,

131 1465 238 1513 quod
257 1465 337 1503 duo
359 1477 403 1503 ex
423 1465 607 1504 Patronis
627 1475 949 1515 acceptaverunt
971 1492 981 1511 ,
998 1466 1070 1505 alii
1089 1478 1187 1505 vero
1202 1466 1283 1504 duo
1300 1466 1465 1504 silentio

134 1515 361 1565 acceptasse
392 1517 586 1556 videntur
599 1547 608 1557 .

80 1569 289 1608 Postremo
310 1569 601 1620 inquirendum
620 1573 672 1609 est
690 1598 702 1616 ‚
734 1582 782 1608 an
798 1571 1048 1620 Capellaniae
1070 1571 1227 1611 reditus
1245 1571 1352 1610 tales
1368 1570 1462 1614 sint,

133 1631 176 1660 ut
192 1621 346 1670 duplici
367 1622 636 1669 respondeant
653 1623 799 1666 oneri,
832 1624 1000 1662 Sacrum
1018 1636 1165 1672 nempe
1181 1623 1372 1673 quotidie
1389 1635 1462 1670 ap-

131 1674 311 1721 plicandi
330 1699 342 1718 ,
372 1675 408 1713 &⁷
434 1675 708 1721 coadjuvandi
740 1674 966 1714 Parochum
1001 1676 1038 1714 in
1057 1675 1165 1714 Cura
1198 1676 1464 1714 Animarum:

132 1725 365 1774 Insuper,an
382 1727 563 1766 habenda
582 1729 628 1766 fit
647 1728 753 1766 ratio
779 1729 1001 1767 oblationis
1018 1727 1342 1767 communitatis
1369 1726 1462 1764 Cae-

132 1778 216 1816 sani
230 1804 242 1823 ‚
258 1791 342 1828 quae
365 1790 597 1827 promptam
617 1782 654 1820 se
668 1781 832 1820 exhibet
850 1781 898 1819 ad
916 1781 1190 1820 affumendam
1209 1779 1466 1819 administra-

130 1831 288 1870 tionem
306 1832 501 1869 bonorum
528 1832 777 1881 Capellaniae
795 1859 807 1877 ‚
842 1833 1246 1883 persolvendumque
1274 1832 1463 1872 debitum

131 1884 373 1932 stipendium
391 1884 617 1929 Capeliano
637 1912 646 1929 ‚
666 1886 735 1935 qui
755 1885 920 1935 utrique
937 1885 1052 1925 oneri
1073 1885 1301 1925 satisfaciat
1322 1914 1332 1924 .

84 1934 427 1974 Eminentiffimus
447 1937 674 1978 portuensis
705 1939 922 1986 Episcopus
939 1964 952 1983 ‚
973 1951 1096 1988 quem
1110 1938 1210 1980 ,Sac.
1228 1937 1463 1988 Congrega-

134 1988 195 2025 tio
216 1988 330 2041 super
348 1989 532 2032 precibus
550 1990 739 2029 Fratrum
757 1991 805 2029 de
825 1990 1057 2030 Narduccis
1089 1990 1301 2041 requisivit
1315 2004 1329 2030 ,-
1362 2001 1464 2029 con-

134 2038 402 2077 firmansiat‘ri
422 2040 564 2078 seriem
582 2045 628 2080 ab
646 2043 731 2090 ipsis
750 2044 989 2089 expostum,
1011 2043 1119 2082 hisce
1141 2043 1273 2082 verbis
1291 2042 1466 2082 Senten-

136 2092 239 2129 tiam
257 2090 364 2128 suam
383 2093 540 2138 aperuit
560 2093 597 2130 in
616 2094 772 2134 litteris
787 2095 872 2134 diei
895 2110 954 2135 12.
972 2096 1131 2144 Aprilis
1155 2100 1267 2141 1766.
1297 2111 1326 2131 ε
1354 2095 1467 2145 Qod

137 2145 222 2181 Sac.
242 2144 475 2191 congregatio
493 2146 670 2191 censuerit
686 2148 758 2186 loco
776 2151 1019 2198 Exeqztutoris
1040 2149 1316 2197 Testamentarii
1332 2172 1344 2190 ‚
1373 2159 1459 2184 onus

137 2194 259 2242 Miffae
277 2198 494 2243 quotidianae
508 2198 691 2245 adfignare
708 2225 719 2244 ,
750 2201 893 2248 idsane
910 2202 956 2249 est
970 2224 982 2243 ‚
1015 2202 1109 2250 quod
1124 2203 1216 2239 rec'le
1248 2199 1466 2247 obsecundat

138 2250 252 2284 menti
281 2247 466 2296 Testacoris
485 2261 498 2287 5
524 2252 587 2286 At
620 2263 704 2286 vero
730 2254 1020 2291 additamentam
1053 2257 1168 2290 oneris
1209 2249 1462 2302 coadjuvandi

141 2300 346 2337 Par-ochum
365 2327 374 2344 ,
405 2302 447 2337 ab
462 2299 540 2349 ejus
559 2300 746 2339 voluntate
763 2309 899 2343 omnino
916 2305 1094 2352 diffonum
1110 2306 1260 2343 videtur
1273 2328 1286 2346 ,
1302 2303 1466 2350 adeoque

140 2351 237 2389 nullo
245 2350 332 2404 jure
340 2353 585 2401 superimponi
596 2358 726 2400 potuit.
745 2358 811 2392 Ac
826 2357 977 2394 ulterius
992 2359 1226 2406 ponderanda
1243 2358 1347 2393 venit
1353 2353 1464 2402 sum-

142 2418 198 2440 ma
216 2408 372 2441 variatio
390 2431 401 2449 ,
418 2408 457 2442 in
474 2420 543 2455 qua
560 2409 740 2453 reperitur
745 2407 860 2454 status
879 2411 1044 2446 bonorum
1061 2408 1277 2457 Capellaniae
1294 2417 1303 2442 2
1320 2404 1465 2454 litigio-

133 2459 178 2505 sa
195 2460 319 2506 quippe
337 2470 453 2494 maner
469 2482 481 2500 ‚
515 2469 555 2495 at
571 2460 705 2494 dicium
721 2459 768 2508 est
782 2484 794 2502 ‚
827 2464 1060 2507 reintegratio
1077 2461 1229 2508 summae
1249 2483 1262 2502 ‚
1281 2471 1358 2507 (μα’
1385 2466 1467 2495 erat

141 2510 366 2549 investienda
384 2535 395 2554 ‚
414 2513 455 2553 ὠ·
468 2516 618 2548 &contra
641 2511 720 2557 ficit
735 2525 754 2547 a
769 2515 894 2559 primis
929 2511 1135 2560 Capellanis
1163 2510 1242 2547 dolo
1276 2509 1366 2546 malo
1384 2523 1464 2548 σου·

135 2562 282 2611 sumpta
298 2591 307 2599 .
326 2563 456 2600 Parvae
475 2565 612 2601 Domus
631 2566 670 2613 iu
688 2565 831 2613 Oppido
849 2565 987 2612 Caesani
996 2569 1197 2613 proximam
1231 2566 1372 2600 ruinam
1386 2565 1462 2598 mi-

144 2619 229 2653 nari
245 2614 507 2664 conspiciuntur
525 2629 539 2655 ‚·
555 2618 676 2652 domus
691 2621 728 2653 in
745 2617 840 2653 vrbe
848 2617 920 2665 fita
937 2619 986 2654 ad
1001 2617 1140 2654 radices
1171 2615 1308 2652 *Montis
1338 2616 1466 2653 Aurei

134 2664 308 2716 fiabiacet
324 2668 499 2705 Salviano
512 2678 618 2717 penes
643 2670 874 2714 „Gn‘x‘z'torem
907 2669 1035 2717 Cenfits
1053 2672 1091 2704 in
1112 2669 1212 2716 sorte
1225 2667 1325 2716 scut.
1348 2681 1461 2705 1000.

146 2722 245 2760 Daae
258 2722 386 2758 Vineae
401 2724 438 2755 in
452 2720 552 2756 illius
569 2716 707 2772 Osfjiidi
723 2734 809 2772 agro
824 2722 1018 2771 evaserunt
1033 2722 1131 2771 quast
1145 2719 1293 2769 deſsertae
1310 2732 1318 2757 :
1339 2733 1465 2770 qaam-

265 2773 576 2815 Tom.XXXVll.
1011 2773 1048 2813 D
1361 2784 1466 2821 quam
