2007 3005
568 212 616 236 22
932 200 937 205 '
1052 200 1111 235 16.
1132 194 1439 246 Jameart’i1768.

564 252 605 290 in
617 249 950 299 Jurepatronatus
966 258 987 285 a
1006 245 1234 287 Fundatore
1251 248 1444 286 institutis
1466 271 1477 292 ‚
1507 259 1631 297 quum
1660 246 1701 288 id
1731 247 1875 287 nulla.)

560 305 735 343 humana
752 299 857 337 ratio
874 298 1041 338 suadere
1054 300 1196 348 poffit:
1223 299 1372 350 Neque
1392 298 1455 339 uti
1486 299 1708 341 heredibus
1738 298 1879 339 Ludo.-

560 353 644 393 vici
663 351 864 392 Serbaroli
880 375 892 394 ‚
920 351 988 400 qui
1005 350 1463 400 Capellaniaeerestioni
1479 362 1644 398 operam
1667 351 1865 391 ministra-

561 406 625 444 vit
641 417 656 444 ,-
683 414 774 442 nam
792 402 909 442 ficuti
926 403 994 443 iste
1009 403 1048 454 sq
1065 427 1078 446 ,
1102 404 1266 453 suosque
1295 402 1543 443 Succeffores
1561 403 1609 442 ad
1630 404 1876 449 implemen-

562 466 652 496 tum
667 455 800 494 oneris
816 455 1021 493 obstrinxit
1036 481 1049 500 ‚
1064 455 1120 494 ita
1135 456 1281 496 eodem
1294 467 1418 496 onere
1434 464 1671 504 premantur
1704 455 1867 494 Fratres

563 508 613 548 de
624 507 855 547 Narduccis
871 531 884 551 ‚
898 507 1041 558 quibus
1056 508 1215 546 nullum
1232 510 1295 553 jus
1320 507 1541 551 convenire
1572 509 1699 553 potest
1715 533 1729 552 ‚
1761 507 1870 558 quod

562 571 705 601 eorum
721 560 884 600 Author
902 571 979 597 non
995 560 1160 598 habuit.
1188 559 1380 602 Affirmat
1394 585 1407 605 ‚
1438 558 1696 602 Ludovicum
1716 557 1871 608 rogasse

564 612 758 661 quidem,
787 620 832 650 ut
846 622 948 650 onus
974 610 1243 657 coadjuvandi
1269 611 1495 652 Parochum
1518 612 1742 651 tolleretur
1760 635 1774 653 s
1804 609 1872 649 sed

563 666 652 704 Sac.
668 663 1041 712 Congregationem
1057 675 1198 711 preces
1214 664 1395 710 rejecisse
1413 690 1427 710 ,
1465 673 1587 714 atque
1606 676 1654 703 ex
1674 666 1748 703 hoc
1766 662 1876 702 fano

561 717 690 765 ipsum
705 713 946 760 intellexisse
962 741 975 760 ,
1002 716 1117 756 suum
1131 716 1304 766 amplius
1323 728 1402 757 non
1420 714 1495 756 esse
1510 741 1524 761 ,
1553 715 1691 755 oneris
1709 717 1875 765 abroga-

563 770 721 808 tionem
738 767 951 817 exposcere
970 796 980 806 .

510 821 662 866 Addit,
681 819 908 858 Antonium
926 819 1128 859 Serbaroli
1145 834 1223 860 non
1243 821 1361 868 plene
1377 819 1592 860 declarasse
1606 821 1870 860 voluntatem

561 874 673 913 suam
688 886 702 912 ,-
732 872 914 911 Felicem
928 884 1025 910 vero
1041 872 1249 913 Collinam
1269 873 1518 913 Testamenti
1549 881 1862 923 exequutorem‚

560 925 629 964 cui
646 924 802 973 plenior
830 923 1033 962 commissa
1051 923 1183 964 fuerat
1199 925 1422 966 declaratio
1438 951 1451 970 ,
1467 934 1600 964 morte
1615 933 1870 972 praeventum

560 988 660 1026 opus
679 975 870 1025 perficere
887 987 965 1013 non
983 975 1174 1022 potuilse.
1205 977 1326 1025 Qod
1342 978 1368 1015 fi
1384 978 1422 1015 in
1438 980 1514 1016 hoc
1530 977 1620 1016 casu
1639 976 1721 1025 ipse
1740 975 1869 1014 Ordi-

559 1028 695 1068 narius
712 1037 873 1066 mutare
889 1026 1083 1075 potuisset
1098 1027 1349 1071 fundationis
1367 1029 1588 1079 qualitates
1604 1052 1618 1071 ‚
1649 1028 1759 1067 salvo
1775 1028 1866 1072 jure

559 1079 828 1130 praesentandi
845 1104 857 1122 ‚
876 1081 969 1117 Rota
984 1081 1091 1128 decis:
1102 1094 1159 1129 54.
1175 1095 1271 1120 num.
1283 1094 1341 1124 13.
1356 1090 1434 1129 par,
1449 1094 1507 1129 14·
1524 1080 1673 1118 Recent.
1692 1093 1708 1120 ‚-
1729 1080 1865 1117 multo

558 1133 688 1181 magis
704 1131 839 1170 facere
857 1131 893 1169 id
911 1131 1046 1180 potuit
1063 1132 1151 1172 Sac.
1175 1132 1448 1183 Congregatio
1462 1158 1476 1178 ‚
1508 1145 1593 1182 quae
1612 1131 1869 1181 plenissima-2

559 1185 692 1235 pollet
708 1183 954 1223 auctoritate
969 1197 983 1223 ‚·
1000 1184 1174 1228 maxime
1194 1186 1285 1236 quia
1299 1196 1398 1224 onus
1409 1185 1631 1234 appositum
1647 1185 1706 1228 jus
1726 1182 1863 1222 Patro*

560 1248 705 1275 norum
724 1249 799 1274 non
820 1236 955 1279 laedit,
971 1236 1208 1286 quinimmo
1226 1250 1349 1288 quum
1366 1264 1379 1284 ,
1406 1246 1551 1286 augeat
1567 1236 1752 1275 divinum
1779 1236 1869 1273 cul-

558 1298 649 1328 tum
665 1312 677 1331 ‚
704 1289 941 1338 nullamque
961 1287 1163 1327 Beneficio
1179 1289 1421 1329 servitutem
1440 1289 1619 1337 imponat
1638 1313 1650 1332 ‚
1666 1287 1732 1326 sed
1752 1287 1866 1328 illius

558 1342 694 1380 servet
724 1341 990 1390 libertatem,
1017 1351 1063 1378 ex
1092 1340 1313 1379 intervallo
1331 1342 1455 1380 etiam
1482 1340 1607 1379 adiici
1641 1336 1832 1389 potuiffet
1852 1365 1867 1384 ‚

557 1395 689 1433 Abbas
703 1397 741 1430 in
760 1394 845 1440 Cap.
869 1393 957 1431 Cum
973 1392 1137 1434 siderius,
1159 1395 1321 1436 Garziax
1339 1395 1383 1431 de
1397 1393 1553 1438 Benefic.
1569 1402 1648 1441 par.
1670 1405 1707 1437 7.
1724 1400 1799 1439 cap.
1812 1405 1823 1428 ι
1835 1402 1869 1434 5,

560 1446 742 1484 Lambcrr.
762 1444 1050 1493 deJurepatron‚
1065 1443 1167 1483 laba.
1187 1447 1345 1495 quaest.4.
1363 1455 1478 1494 art.4.
1492 1447 1586 1483 Rota
1601 1445 1865 1493 cor-Seraphin.

560 1497 794 1545 decifi1414.
812 1510 951 1537 numa.

507 1548 598 1593 Nec
614 1551 691 1588 rite
706 1549 885 1588 sustineri
903 1548 1006 1598 poffe
1021 1574 1033 1592 ‚
1050 1549 1315 1591 immutatum
1331 1550 1446 1591 fuisse
1477 1561 1612 1589 rerum
1641 1550 1786 1587 statum
1817 1548 1866 1587 ab

558 1614 662 1641 anno
686 1614 798 1647 1732.
814 1614 892 1650 quo
910 1601 993 1640 Sac.
1013 1602 1292 1652 congregatio
1309 1603 1537 1650 hujusmodi
1556 1613 1656 1641 onus
1690 1601 1863 1645 adjecit,-

556 1653 746 1692 Constare
762 1654 868 1691 enim
888 1650 1025 1693 asserit
1039 1654 1289 1694 Caesanenses
1308 1656 1460 1695 incolas
1477 1679 1490 1696 ‚
1505 1655 1573 1704 qui
1595 1663 1691 1691 tunc
1709 1651 1861 1700 viginti

553 1705 709 1753 septem
725 1706 837 1753 supra
857 1706 1174 1756 quadringentos
1190 1710 1499 1747 numerabantur
1515 1731 1528 1751 ‚
1547 1705 1731 1744 adaustm
1752 1715 1858 1742 nunc

555 1755 668 1795 fuisse
687 1783 698 1801 ‚
730 1758 767 1795 Sc
783 1757 986 1805 sexaginta
1005 1758 1115 1804 supra
1147 1760 1461 1808 quadringentos
1488 1755 1715 1796 numerari:
1745 1755 1859 1794 Duos

558 1808 797 1847 Sacerdotes
814 1818 975 1847 tantum
990 1809 1029 1847 in
1058 1808 1164 1858 Pago
1179 1810 1327 1850 affidue
1356 1811 1503 1859 degere
1523 1834 1536 1850 ‚
1554 1820 1725 1860 quorum
1753 1808 1861 1846 alter

554 1859 758 1899 Parochus
776 1861 828 1899 est
842 1885 854 1904 ,
882 1861 990 1898 alter
1005 1872 1026 1899 a
1041 1859 1354 1902 communitate
1370 1862 1591 1903 concinnus
1607 1860 1744 1909 pueris
1770 1872 1864 1898 eru-

553 1912 712 1950 diendis
730 1913 798 1950 dat
815 1923 979 1959 operam
996 1940 1007 1951 .
1040 1912 1080 1951 Si
1098 1915 1165 1964 qui
1183 1927 1279 1954 vero
1296 1914 1367 1952 alii
1391 1915 1465 1953 fint
1484 1912 1725 1952 Sacerdotes
1744 1936 1758 1955 ‚
1790 1923 1862 1950 eos

555 1965 620 2003 vel
642 1964 912 2002 rusticationis
930 1964 1044 2003 causa
1061 1966 1168 2005 veris
1184 1990 1196 2009 ‚
1229 1968 1266 2006 δε
1283 1966 1484 2006 Autumni
1501 1975 1687 2014 tempore
1709 1963 1862 2003 ibidem

551 2016 732 2060 morari,
749 2016 816 2054 vel
838 2017 894 2054 ita
911 2017 1087 2061 morari,
1113 2027 1157 2056 ut
1173 2019 1350 2058 liberum
1380 2018 1436 2056 eis
1455 2019 1502 2056 fit
1526 2015 1720 2057 recedere
1736 2042 1749 2061 ‚
1780 2028 1856 2057 nec

554 2079 712 2118 aequum
728 2066 805 2106 esse
822 2080 890 2106 eos
909 2081 1054 2118 cogere
1070 2093 1083 2113 ‚
1096 2073 1155 2116 {ut
1170 2072 1248 2110 hoc
1263 2085 1364 2111 onus
1380 2069 1517 2109 ferant
1535 2098 1545 2109 .
1581 2069 1636 2107 Ex
1650 2070 1728 2107 hoc
1755 2068 1861 2111 fieri,

556 2129 600 2158 ut
618 2120 959 2169 quemadmodum
976 2133 1079 2160 anno
1099 2136 1165 2169 173
1176 2137 1209 2161 2.
1227 2124 1450 2172 expofitum
1465 2120 1547 2163 fuit
1561 2146 1574 2165 ‚
1587 2121 1698 2159 binos
1717 2121 1862 2159 Sacer-

552 2171 671 2211 dotes
690 2172 754 2210 vix
769 2170 871 2221 posse
888 2173 1164 2219 spiritualibus
1187 2174 1475 2214 Caesanenfium
1493 2172 1720 2213 commodis
1739 2172 1858 2215 satis-

553 2222 688 2263 facere
704 2249 716 2269 ,
735 2224 792 2262 ita
806 2224 979 2273 idipsum
995 2226 1115 2265 hodie
1131 2228 1282 2266 merito
1300 2226 1406 2277 posse
1419 2224 1631 2267 affirmari.
1760 2258 1765 2264 .

500 2275 703 2315 Eumdem
718 2289 875 2327 quoque
891 2275 967 2317 effe
985 2304 996 2324 ,
1024 2278 1127 2317 dicit
1143 2304 1155 2323 ‚
1182 2281 1326 2320 statum
1345 2280 1487 2318 mensae
1517 2277 1860 2326 Archipresbvte-

551 2329 647 2367 ralis
662 2352 675 2371 ‚
696 2328 800 2367 itaut
822 2328 933 2368 illius
948 2330 1102 2369 reditus
1121 2331 1294 2380 impares
1307 2344 1416 2382 «tque
1430 2331 1505 2368 fint
1521 2329 1665 2368 alendo
1683 2329 1859 2374 Coadju-

549 2381 631 2419 tori
649 2380 686 2419 in
704 2379 810 2419 Cura
824 2381 1089 2422 Animarum:
1119 2383 1206 2422 Hos
1237 2384 1390 2424 reditus
1418 2381 1559 2424 iisdem
1593 2383 1852 2421 coalescet&

548 2432 727 2482 praediis,
743 2434 779 2472 Sc
797 2434 939 2479 majori
952 2434 1079 2473 etiam
1096 2437 1282 2484 pensione
1297 2434 1470 2485 gravari,-
1489 2433 1597 2471 Nam
1611 2446 1716 2473 anno
1738 2446 1805 2480 173
1816 2448 1852 2473 2.

548 2486 818 2533 gravabantur
834 2487 1019 2534 pensione
1037 2488 1203 2534 scut.7o.
1223 2499 1327 2528 nunc
1345 2498 1443 2525 vero
1459 2495 1700 2532 premuntur
1718 2497 1849 2525 annua

548 2537 734 2583 pensione
752 2538 922 2585 scut.92.
940 2538 1091 2581 Praedia
1107 2549 1246 2579 autem
1267 2564 1279 2584 ‚
1306 2551 1392 2588 quae
1404 2537 1507 2576 olim
1535 2538 1675 2579 uberes
1707 2539 1857 2586 praebe-

548 2587 808 2674 ?aiigfrur‘tus
824 2616 836 2636 ,
854 2591 918 2629 sex
934 2592 983 2629 ab
996 2592 1089 2631 hinc
1105 2592 1217 2630 annis
1235 2591 1391 2639 segetes
1420 2600 1570 2639 negant
1589 2616 1602 2636 ‚
1635 2591 1846 2640 aliosque)

568 2650 631 2675 rm
658 2651 699 2676 us
717 2669 726 2678 .

497 2692 535 2732 A
549 2700 645 2745 vero
660 2690 833 2741 denique
850 2693 992 2734 distare
1006 2719 1019 2738 ‚
1039 2696 1095 2734 ita
1112 2690 1227 2733 fuisse
1243 2692 1484 2732 imminutos
1512 2693 1759 2742 Capellaniae
1788 2705 1852 2731 re-

552 2740 660 2779 ditus
674 2766 687 2787 ,
702 2751 745 2783 ut
761 2744 826 2783 vix
841 2746 1110 2797 ,eleemosynae
1124 2745 1248 2789 Missa:
1278 2746 1526 2798 quotidiana:
1551 2745 1752 2788 sufficiant
1769 2774 1779 2783 .
1798 2743 1851 2802 ,Si

1743 2807 1852 2838 emm
