2007 3005
592 143 650 173 23-
669 129 817 179 Aprilis
844 131 956 175 1768.
1391 147 1444 179 97

124 192 172 219 ne
187 193 280 219 cum
299 179 556 221 Benefici-atis
586 184 703 230 super
721 178 922 229 personali
943 179 1156 220 residentia
1176 206 1190 227 ‚
1221 183 1259 221 Sc
1288 181 1444 232 obliga-

114 234 231 272 tione
248 233 504 281 adimplendi
519 247 644 273 onera
660 247 730 283 per
748 234 787 274 se
805 233 925 283 ipsos,
943 234 1078 281 legem
1094 233 1282 273 Provisor
1303 233 1440 281 dedit,

119 294 165 324 ut
185 287 463 330 juramentum
477 288 694 326 emitteret
714 283 964 335 adimplendi
979 285 1161 324 officium
1177 287 1447 327 hebdomada-

122 337 170 380 rij
182 339 292 386 perse
305 339 432 387 ipsum,
440 340 473 386 fi
486 343 540 376 ita
556 342 727 377 decernat
740 341 1069 386 Sac.Congregatio
1087 338 1438 380 EE.DD.Cardin.:

118 389 366 430 AtMichael
380 391 515 431 renuit
530 393 809 437 juramentum
824 392 893 431 sub
908 393 982 430 hac
1000 391 1236 431 conditione
1253 393 1448 443 praestare,

123 455 301 493 cumque
319 445 561 492 protestatus
575 443 701 484 fuerit
719 445 876 483 nullam
903 443 1028 483 aliam
1057 443 1338 483 conditionem
1364 444 1439 483 in...

122 496 356 542 juramento
383 494 642 536 admilsurum
659 521 672 540 ‚
692 497 760 537 nili
773 496 1024 543 adimplendi
1053 506 1118 545 per
1137 499 1180 544 fi·
1209 497 1350 545 ipsura,
1383 497 1447 535 vel

118 557 185 597 per
198 548 312 585 alium
325 547 505 598 Capitulo
515 560 664 597 gratum
680 563 692 590 5
710 550 802 591 hinc
823 549 960 590 eidem
983 548 1164 588 admiffio
1183 560 1329 598 negata
1360 547 1441 589 fuit

123 599 172 639 ad
188 600 385 641 lucrosam
402 601 658 641 residentiam
678 632 688 641 .

73 647 296 692 Recursum
324 653 493 702 proinde
521 655 658 693 habuit
691 654 873 694 Michael
902 654 950 693 ad
981 653 1328 705 Archidiaconum
1362 655 1443 701 deo

126 705 287 754 Trapp'e
303 732 315 749 ,
340 705 517 744 alterum
536 718 582 746 ex
602 707 924 755 Exequutoribus
947 705 1054 744 datis
1073 717 1177 744 anno
1198 711 1313 755 1760.
1336 706 1375 744 in
1393 706 1447 744 li·

127 758 229 796 teris
255 758 498 805 Apostolicis
532 789 540 797 .
571 758 684 797 Idem
713 771 810 797 vero
829 757 1150 798 Archidiaconus
1167 782 1180 800 ,
1201 758 1313 795 nulla
1344 770 1447 806 pra:-

128 809 239 849 missa
257 810 484 849 monitione
503 835 515 853 ,
543 823 617 849 nec
632 810 773 849 audito
790 810 989 856 Capitulo
1007 832 1021 850 0
1046 808 1114 847 sub
1143 820 1252 856 paena
1283 809 1446 855 suspen-

128 862 251 900 fionis
276 862 358 908 ipso
375 860 480 901 fafto
500 863 749 901 incurrendae
768 886 779 905 ‚
798 861 935 901 eidem
950 860 1125 905 injunxit
1143 884 1156 902 ‚
1190 869 1235 898 ut
1266 859 1367 899 infra
1385 861 1448 899 sex

129 914 216 953 dies
234 914 388 952 distum
408 914 660 954 Michaelem
678 914 726 952 ad
742 915 940 952 lucrosam
962 911 1217 951 residentiam
1250 911 1446 950 admitte-

130 975 216 1006 ret.
231 965 410 1006 Perstitit
428 965 666 1014 Capitulum
688 967 726 1004 in
745 967 810 1003 sna
826 964 1029 1004 sententia
1059 963 1177 1001 illum
1195 976 1271 1001 non
1291 963 1445 1002 admit-

126 1017 271 1061 tendi,
287 1017 356 1056 nifi
371 1019 645 1062 juramentum
665 1017 880 1056 emitteret
893 1017 960 1055 sub
987 1015 1164 1054 formula
1195 1015 1447 1054 conditionis

129 1069 334 1109 exhibitu
363 1071 401 1108 δε
420 1079 614 1117 praeterea
642 1070 826 1119 judicem
854 1070 905 1111 de
936 1069 1097 1116 Trapp'e
1116 1092 1128 1111 ‚
1161 1076 1354 1119 tanquam
1385 1069 1448 1106 su-

131 1122 308 1168 speuum
324 1121 528 1160 recusavit
546 1148 557 1165 ,
590 1123 627 1161 ἲς
644 1135 721 1161 non
743 1122 856 1161 leves
884 1121 1001 1160 dedit
1029 1121 1096 1158 fibi
1115 1133 1233 1160 curas
1249 1146 1262 1165 ‚
1291 1130 1336 1159 nt
1353 1132 1448 1169 pen-

121 1173 252 1212 dente
267 1174 342 1213 lite
362 1173 400 1212 in
432 1173 550 1212 Sacra
581 1173 912 1224 Congregatione
945 1172 1239 1222 cujuscumque
1270 1172 1443 1211 alterius

126 1226 242 1265 filere
259 1225 424 1265 deberet
440 1225 734 1271 judicium.His
749 1237 885 1266 tamen
903 1225 1103 1272 despeftis
1121 1224 1246 1274 Judex
1264 1224 1450 1273 Exequu-

127 1288 195 1317 tor
213 1278 277 1316 die
294 1291 331 1324 7.
349 1279 590 1317 Decembris
604 1280 851 1319 sententiam
868 1278 968 1318 tulit
985 1277 1298 1317 declaratoriam
1315 1277 1451 1315 incur-

132 1331 179 1369 sae
197 1343 218 1368 a
247 1330 443 1378 Capitulo
464 1330 721 1378 suspenfionis
742 1361 751 1372 .

79 1383 287 1424 Adversus
315 1385 393 1420 haec
409 1383 546 1420 omnia
560 1384 798 1431 Capitulum
818 1383 1057 1422 solemniter
1080 1378 1299 1430 ‘protestari
1334 1392 1445 1418 non)

131 1434 249 1474 desiit
266 1460 279 1478 ‚
305 1447 350 1472 ac
367 1435 496 1481 postea
514 1436 598 1483 egit
611 1436 714 1483 apud
733 1435 1102 1474 Eminentiflimum
1138 1444 1234 1472 tunc
1266 1432 1452 1474 Pro—‚Au-

134 1487 316 1525 ditorem
340 1485 460 1527 essmi
480 1499 548 1534 pro
581 1487 820 1536 purgatione
852 1496 1154 1526 attentatorum
1173 1510 1184 1528 ‚
1216 1485 1254 1523 ὃς
1271 1484 1451 1522 circum—

133 1538 354 1588 scriptione
381 1539 560 1576 ad‘torum
574 1552 708 1577 eoram
728 1539 920 1587 praedit‘to
951 1539 1211 1588 Exequutore
1246 1535 1450 1584 Apostoli-

133 1604 181 1629 co
196 1592 418 1639 gestorum.
449 1590 620 1630 Remitsa
647 1601 786 1630 autem
801 1591 917 1630 causa
936 1591 984 1629 ad
1018 1591 1181 1628 Sacram
1217 1588 1450 1636 Congrega-

134 1642 292 1681 tionem
310 1667 323 1686 ,
343 1655 446 1681 nunc
464 1643 526 1686 ,ἃ
549 1644 699 1682 iterato
716 1644 889 1682 examini
905 1642 1114 1687 subjicitur
1134 1643 1212 1684 jam
1244 1650 1362 1684 capta
1382 1650 1441 1675 re-

135 1694 285 1732 solutio
301 1718 313 1735 ,
333 1695 462 1732 &alia
492 1695 570 1732 tria
582 1696 698 1743 super
719 1697 788 1738 his
807 1720 819 1738 ‚
848 1709 932 1744 qua:
961 1694 1130 1733 iuterim
1161 1692 1416 1733 emerserunt
1433 1715 1447 1735 ,

133 1745 272 1785 addita
286 1746 377 1785 sunt
395 1746 514 1785 dubia
534 1747 573 1786 in
591 1748 706 1786 calce
724 1747 894 1797 legenda
912 1777 922 1786 .

81 1797 147 1840 Ad
175 1797 204 1837 1.
232 1799 292 1836 ait
321 1797 589 1847 Capitulum,
617 1799 698 1845 juri
725 1800 944 1839 consonum
975 1797 1177 1849 essequod
1201 1797 1330 1836 edixit
1355 1794 1444 1833 Sac.

130 1849 408 1899 Congregatio
435 1851 500 1890 die
535 1866 565 1891 1.
595 1852 740 1897 Martii
776 1855 886 1900 1766.
917 1877 930 1895 ‚
972 1851 1163 1889 nimirum
1189 1848 1295 1899 quod
1328 1848 1452 1885 bene—

133 1902 261 1942 ficiati
292 1912 508 1942 teneantur
547 1905 814 1953 personaliter
849 1903 1017 1943 residere
1049 1930 1060 1947 ‚
1105 1904 1142 1942 ἒς
1175 1915 1244 1951 per
1278 1901 1315 1938 se
1348 1899 1450 1947 ipsos

135 1955 358 2002 adimplere
376 1967 497 1994 onera
513 1956 589 1994 suis
604 1957 809 1995 beneficiis
827 1957 1063 1995 inhaerentia
1086 1956 1162 1993 ‚lta
1183 1954 1333 2004 quippe
1350 1964 1448 2000 prx-

134 2006 249 2054 cipia
265 2009 355 2045 Sac.
375 2006 516 2046 Cencil.
537 2002 792 2057 Trident.seffi
812 2024 872 2047 22.
890 2018 1008 2058 cap.4.
1030 2034 1042 2053 ,
1060 2007 1190 2056 ,ἙῙεζῙῖ
1214 2020 1276 2053 24·
1299 2014 1449 2052 ⁶⁶19·ss-

134 2060 180 2096 de
194 2057 431 2099 Refbrm.1ta
446 2059 573 2097 etiam
590 2060 628 2098 in
646 2064 718 2100 hac
737 2085 750 2104 ‚
779 2061 828 2100 de
846 2073 922 2110 qua
951 2059 1087 2106 agitur
1111 2059 1260 2106 specie,
1276 2053 1450 2101 juffiffen

135 2109 202 2148 die
223 2123 255 2147 1.
271 2108 414 2153 Martii
439 2123 550 2157 1493.
570 2111 845 2152 Alexandrum
863 2112 934 2152 VI.
956 2111 1044 2151 :Ita
1077 2112 1230 2161 pariter
1259 2112 1455 2147 statutum

134 2161 204 2200 die
223 2175 254 2199 x.
275 2160 374 2204 Maij
400 2166 511 2199 1600.
530 2163 576 2200 ab
594 2163 753 2203 Ernesto
773 2165 873 2203 olim
895 2165 1094 2213 Episcopo
1121 2162 1361 2203 Leodienfi:
1389 2158 1452 2195 Ita.

135 2213 304 2251 demum
333 2213 380 2250 ab
409 2215 482 2252 hac
507 2213 630 2266 ‘Sacra
662 2213 993 2266 congregatione
1024 2217 1174 2265 pluries
1205 2212 1420 2252 definitum
1441 2234 1455 2253 ,

136 2272 256 2311 prout
276 2273 390 2312 patet
420 2277 466 2303 ex
493 2265 595 2302 lolio
627 2268 742 2310 hujus
768 2269 906 2308 Causae
939 2271 1014 2306 diei
1037 2282 1068 2307 ι.
1093 2268 1288 2307 Februarii
1307 2266 1418 2308 1765·
1439 2290 1455 2318 .·

132 2316 410 2356 Resolutiouis
425 2316 666 2366 aequitatem
682 2318 880 2366 agnovisse
901 2330 983 2358 tres
1001 2332 1047 2358 ex
1066 2315 1321 2359 Beneficiatis
1340 2340 1352 2358 ‚
1383 2324 1452 2370 ειμι

135 2369 271 2409 eidem
304 2369 385 2407 sese
402 2368 690 2407 submittentes
710 2395 721 2413 ,
738 2371 850 2408 alite
870 2369 1115 2410 recesserunt
1133 2398 1145 2415 ‚
1171 2372 1208 2409 St
1224 2378 1348 2407 onera
1367 2366 1447 2418 sul}

134 2420 339 2461 beneficiis
357 2419 507 2460 adnexa
522 2422 630 2471 perse
646 2421 730 2469 ipsbs
747 2420 1044 2468 adimpleturos
1059 2422 1321 2460 declararunt
1339 2446 1348 2455 .
1437 2421 1439 2424 “

84 2476 303 2523 Perperarn
323 2473 420 2511 vero
433 2472 556 2517 objici
575 2475 622 2511 ab
649 2473 742 2511 aliis
774 2472 901 2511 tribus
926 2473 1182 2513 Beneficiatis
1208 2498 1220 2515 ‚
1265 2481 1312 2508 ea
1341 2469 1451 2508 reso'-

134 2525 294 2565 lutione
312 2525 404 2563 illos
421 2533 581 2563 tantum
611 2525 814 2573 obligari,
847 2525 915 2573 qui
944 2525 1138 2563 beneficia
1157 2523 1448 2569 imposterum-'³

136 2587 255 2618 erunt
273 2577 586 2627 consequuturi‚
621 2590 698 2616 non
729 2584 868 2616 autem
900 2587 996 2619 eos,
1025 2577 1092 2624 qui
1131 2573 1322 2614 beneficia
1343 2573 1454 2629 jam-3

135 2630 402 2669 obtinuerant
421 2655 432 2673 ‚
449 2629 599 2678 quique
619 2641 686 2675 per
705 2629 807 2667 alios
824 2640 947 2667 onera
964 2627 1094 2666 subire
1124 2627 1453 2666 consueverunt.

135 2682 254 2723 Hane
271 2681 379 2720 enim
397 2681 732 2721 consuetudinem
749 2706 762 2726 ,
777 2693 851 2720 nec
866 2680 944 2718 rite
962 2679 1234 2719 introduftam
1253 2703 1266 2723 ‚
1295 2689 1373 2718 nec
1396 2677 1460 2715 le'·

257 2734 562 2774 TomXXXVH.
942 2730 980 2770 N
1397 2728 1461 2778 gi·-
