2007 3005
386 169 459 205 247

375 207 494 237 rochum
511 206 541 236 in
559 206 640 237 Cura
652 209 822 237 Animarum
835 226 846 243 ‚
867 205 975 237 debent
990 208 1025 237 ab
1037 219 1072 238 eo

371 249 465 287 rogati
489 247 657 278 benedicere
688 251 844 287 puerperas
861 269 869 276 .
899 248 1003 276 ibidem
1032 252 1070 278 ad

373 290 424 317 IV.
434 288 500 317 dub.

410 329 439 357 Si
453 328 597 359 abfuerint
609 340 657 370 per
673 330 739 359 osto
750 328 810 358 dIes
825 337 954 358 tenentur
963 328 1073 358 indica-

366 379 397 398 re
411 371 541 399 Parocho
562 371 721 400 absentiam
740 390 752 405 ‚
781 378 812 398 ut
827 368 952 410 suppleat
971 380 1070 400 eorum

374 411 450 439 vices
463 431 470 439 .
488 412 555 440 ibid.
568 412 606 439 ad
619 412 658 440 Χ.
670 411 736 438 dub.

405 453 444 490 Sig
460 462 529 481 vero
542 452 670 481 absentia
685 450 775 480 fuerit
786 454 820 483 ad
837 452 956 492 longum
969 462 1079 490 tempus

374 501 505 526 tenentur
518 493 651 523 exhibere
662 491 794 525 Parocho
803 494 972 525 consensum
986 492 1078 522 Ordi-

370 536 460 565 narii.
474 535 544 564 ibid.
560 534 598 561 aci
608 533 740 564 XLdub.

329 574 466 606 Beneficii
482 574 599 605 collatio
608 574 683 603 faeta
696 575 731 603 ab
748 576 888 615 Episcopo
899 573 960 614 post
975 584 1068 604 recur-

372 619 433 646 sum
445 616 576 645 habitum
591 625 607 644 a
618 617 751 646 Patronis
768 617 802 646 ad
818 617 844 645 S.
859 616 1077 654 Congregatio-

366 667 430 686 nem
447 677 457 692 ‚
487 654 564 684 nulla
577 655 633 684 fuit
646 655 790 685 declarata
807 657 837 685 in
857 655 1073 691 mediolanen„

359 697 412 736 stu
429 697 582 725 Novarien.
600 705 648 725 21.
660 697 829 726 Novembris
856 696 895 724 ad
906 697 932 724 I.
947 695 1074 735 dub.pa—

360 737 420 776 gin.
439 747 506 773 197.

326 776 500 807 Beneficium
510 796 521 812 ‚
546 776 622 816 quod
634 787 667 806 ex
684 776 746 818 lege
758 776 935 806 fundationis
955 775 1071 804 confer·

363 820 388 848 ri
405 819 488 848 debet
510 816 595 845 alicui
608 818 752 848 Sacerdoti
771 827 836 846 cum
864 825 950 845 onere
977 816 1068 844 inser-

359 860 457 889 viendi
474 860 554 888 Loco
570 858 625 886 Pio
640 878 650 893 ‚
674 869 732 887 non
749 856 838 896 potest
861 858 942 886 Loco
955 856 1009 884 Pio
1019 866 1067 894 ap-

361 899 461 938 plicari
480 918 491 933 ‚
519 897 626 926 etiamfi
639 909 712 927 onus
729 897 845 926 affumat
861 896 1064 925 manutenendi

362 939 563 973 Sacerdotem,
587 939 638 977 qui
654 938 699 968 illi
711 938 847 968 inserviat
873 937 942 965 ibid.
967 937 1005 964 ad
1022 939 1066 966 II.

360 982 426 1011 dub.

323 1023 404 1053 Bona
416 1020 482 1048 fides
500 1019 528 1047 in
538 1017 714 1049 alienatione
731 1019 871 1048 bonorum
887 1015 1064 1055 Capellaniae

357 1062 475 1092 excusat
491 1059 527 1087 ab
540 1060 652 1089 incursu
670 1062 698 1089 in
715 1061 847 1089 censuras
859 1079 867 1089 .
890 1061 1063 1088 Camertum.

364 1112 409 1132 ti.
421 1100 493 1134 Jutiz'
505 1101 543 1127 ad
555 1102 581 1130 l.
597 1101 737 1141 duffipag.
754 1108 819 1136 κς.

652 1202 718 1276 C

392 1347 523 1376 Adavera
552 1353 704 1385 pauperum
733 1342 944 1372 Defun&orum
974 1341 1058 1371 'dece-

316 1348 380 1422 C
404 1388 530 1416 dentium
556 1388 586 1415 in
599 1384 709 1413 ambitu
727 1382 851 1412 Ecclefioe
868 1381 1029 1422 Kempenfis
1046 1401 1057 1416 ,
1072 1401 1075 1404 ψ

354 1426 482 1456 associari
503 1427 607 1454 debent
624 1435 638 1451 a
656 1426 787 1452 Parocho
801 1444 810 1458 ,
832 1425 858 1451 ὅ(
880 1422 1031 1451 sacellanis
1045 1441 1056 1455 ‚

353 1478 418 1496 cum
431 1467 543 1496 duobus
556 1463 738 1494 Beneficiatis
753 1464 886 1492 Colonien.
914 1471 960 1499 14.
972 1461 1059 1489 Mar·

359 1517 392 1535 tu
407 1509 445 1535 ad
459 1510 528 1535 VII.
539 1506 603 1534 dub.
612 1514 678 1543 pag.
699 1512 745 1538 31.
992 1540 999 1547 ι

317 1547 468 1576 Cadavera
478 1543 834 1578 Canonicorum,aHorum
846 1553 901 1581 que
911 1542 1067 1580 adscripto·

356 1599 418 1616 rum
437 1587 556 1616 servitio
573 1583 699 1614 Ecclefiae
719 1581 922 1617 Cnhedralis,
942 1582 1059 1611 &dece.

355 1628 485 1657 dentium
503 1627 609 1664 absque
626 1623 765 1652 electione
777 1622 945 1661 sepulturae,
962 1632 1060 1651 tumu-

352 1667 437 1697 landa
448 1669 513 1696 sunt
526 1667 555 1694 in
567 1662 734 1693 Cathcdrali
752 1684 759 1691 .
788 1662 922 1691 Andrien.
945 1671 990 1698 19.
1011 1664 1058 1691 Se.

348 1708 480 1747 ptemlms
495 1707 533 1733 acl
542 1707 593 1733 VI.
606 1703 742 1741 dub.pag.
758 1706 823 1731 181.

313 1748 467 1777 Cadavera
483 1743 681 1775 decedentium
712 1744 741 1770 in
754 1743 865 1771 ambitu
879 1741 1005 1772 Ecclefiae
1031 1744 1058 1771 S.

358 1787 478 1820 Nicolai
494 1784 633 1815 Civitatis
643 1782 756 1811 Andriae
767 1782 845 1812 nulla
857 1783 931 1811 ῐαᾶα
939 1782 1058 1811 eleffio-

353 1840 390 1858 nc
407 1826 552 1867 sepulturae
562 1844 573 1859 ‚
599 1821 758 1861 sepelienda
771 1825 835 1850 sunt
848 1823 878 1851 in
895 1822 1057 1851 Cathedra-

355 1869 377 1897 li
401 1889 412 1904 ‚
443 1874 579 1905 tanquam
601 1863 686 1892 unica
703 1861 867 1891 Parochiali
885 1882 893 1890 .
927 1861 996 1891 ibid.
1017 1862 1056 1890 ad

356 1909 414 1938 ΙΧ.
431 1907 497 1936 dub.

402 1950 459 1977 Pro
474 1943 675 1975 Cadaveribus
689 1940 864 1970 tumulandis
886 1940 917 1969 in
935 1940 1061 1971 eadem..

356 1985 479 2019 Ecclesia
492 1987 517 2014 S.
535 1982 654 2014 Nicolai
671 2002 681 2016 ‚
695 1982 754 2010 haec
771 1990 881 2009 tenetur
895 1980 1060 2010 contribue-

356 2040 387 2059 re
400 2023 570 2058 Cathedrali
588 2020 728 2053 Caballos
746 2021 886 2051 sexdecim
903 2042 910 2051 .
932 2021 1004 2050 ibid.
1021 2022 1058 2048 aa

357 2071 433 2098 XII.
449 2066 515 2095 dub.

316 2111 403 2151 Super
419 2106 570 2137 Cadavere
585 2103 724 2137 Defunffi
742 2102 803 2132 fieri
822 2102 912 2142 potest
927 2100 1058 2132 officium

355 2148 475 2179 funebre
489 2157 504 2175 a
517 2145 607 2175 Clero
624 2143 750 2173 Ecclefiae
775 2142 869 2172 filialis
884 2142 938 2172 fitae
948 2143 1055 2172 Intra...

353 2190 462 2220 limites
480 2186 596 2215 alterius
615 2183 761 2213 Parochiae
772 2204 783 2220 ‚
793 2183 948 2212 dummodo
960 2192 1056 2212 tumu-

352 2229 452 2259 landus
473 2226 568 2256 eidem
589 2224 735 2254 Parochiae
766 2235 824 2253 non
840 2222 870 2252 fir
886 2223 1026 2261 subjeetus
1045 2242 1054 2252 .

354 2268 500 2308 Caffanen.
517 2275 528 2294 1
537 2265 640 2298 1.Julz'z'
652 2265 691 2292 ad
701 2265 753 2293 VI.
764 2264 830 2293 dub.
842 2272 908 2303 pag.
921 2273 987 2299 125·

311 2304 460 2341 Canonici
475 2305 602 2336 Ecclefiae
615 2304 788 2334 Calaritanae
797 2304 951 2343 nuncupati
967 2304 1001 2331 de
1009 2301 1051 2341 so-

349 2352 386 2380 lio
397 2371 408 2386 ,
428 2350 476 2378 seu
489 2348 523 2375 de
539 2345 620 2375 {fallo
632 2346 698 2374 sunt
706 2356 771 2375 vere
784 2344 930 2374 Canonici
942 2343 1051 2373 calari-

348 2399 421 2419 tana
434 2398 479 2425 14.
493 2385 641 2415 Februarii
652 2386 690 2413 ad
702 2388 727 2414 I.
744 2385 879 2424 dub.pag.
896 2386 942 2414 18.

392 2428 483 2458 Iidem
499 2428 543 2464 jus
558 2425 665 2455 habent
681 2425 840 2465 assequendi
853 2424 982 2454 officium
1007 2425 1054 2453 Si-

347 2469 461 2509 senarz'i
477 2488 487 2502 ‚
512 2469 539 2495 8<
550 2464 629 2502 alia,
651 2477 711 2506 quae
731 2476 780 2505 per
792 2475 904 2495 turnum
920 2466 1056 2495 obtinen-

353 2519 400 2539 tur
413 2529 422 2537 .
447 2507 517 2535 ibid.
626 2530 629 2534 .

396 2547 445 2578 Eis
456 2545 575 2575 debetur
589 2547 774 2585 praecedentia
785 2548 866 2586 supra
883 2548 1052 2577 Canonicos

356 2587 492 2654 sundaios
503 2585 564 2624 post
576 2586 691 2618 illorum
715 2588 886 2618 erectionem
899 2609 907 2617 .
927 2588 997 2617 ibid.
1016 2588 1054 2615 ιιιί

352 2631 395 2658 II.
405 2628 442 2655 du
462 2647 470 2654 .

313 2673 436 2702 Cantus.
460 2665 521 2705 Qi
537 2675 571 2694 ex·
587 2665 648 2705 lege
671 2668 846 2698 fundationis
864 2669 951 2699 habet
973 2678 1047 2698 onus

353 2706 476 2740 canendi
492 2708 522 2737 in
535 2705 655 2738 Ecclelia
669 2726 681 2744 ,
707 2717 807 2738 cauere
822 2709 906 2740 debet
922 2710 952 2740 in
963 2718 1046 2740 cantu

926 155 1271 201 INDEX

1154 209 1413 249 G1·egoriaito,non
1429 210 1499 240 verb
1512 211 1543 241 ἱιι
1555 220 1640 241 cantu
1655 211 1777 254 figurato
1791 236 1798 244 .
1809 218 1862 245 Fc⁴

1154 251 1201 279 rolz
1209 252 1282 279 vien.
1293 260 1307 277 ι
1316 261 1325 278 ι
1333 271 1340 278 .
1351 252 1585 292 Ixovcmbrispag.
1601 263 1668 289 197.

1116 289 1292 328 Capellaniae
1310 291 1386 319 bona
1398 291 1540 330 privative
1559 292 1782 324 administranda
1794 298 1860 326 sunt

1154 330 1190 359 ab
1203 331 1238 360 iis
1251 351 1260 367 ‚
1271 341 1343 371 quos
1358 332 1501 361 Fundator
1516 332 1671 373 designavit
1680 355 1687 362 .
1705 337 1860 365 Vzterhien.

1157 372 1321 410 Capellamae
1337 381 1382 406 30.
1397 371 1478 400 Maii
1486 373 1524 400 ad
1540 375 1592 402 IV.
1604 375 1668 404 dub.
1673 384 1739 415 pag.
1754 379 1801 412 89.

1116 411 1291 449 Capellaniae
1306 411 1558 443 Administratores
1574 423 1705 445 tenentur
1732 426 1767 445 ex
1779 416 1859 447 illins

1160 453 1297 482 frufflbus
1311 451 1420 483 solvere
1434 453 1705 483 utenfilia.il11d.ad
1714 459 1766 486 VI.
1778 458 1857 494 dub„

1159 498 1193 522 ΕΤ
1212 503 1226 521 z.
1235 504 1258 522 1.
1272 494 1507 534 Ix‘ovembrispag.
1525 498 1590 530 198.

1117 533 1157 561 Ex
1175 533 1347 572 Capellaniae
1370 534 1509 564 fruetibus
1525 534 1703 565 detrahendae
1737 538 1802 567 sunt
1813 549 1860 567 ex-

1155 576 1245 611 pensoe
1267 574 1325 603 litis
1342 575 1407 604 2&oe
1424 586 1475 614 pro
1496 575 1608 605 tuendis
1624 574 1702 606 illius
1721 577 1836 615 juribus
1848 601 1857 608 .

1158 614 1226 643 ibid.
1237 616 1275 643 ad
1287 616 1343 643 IX.
1356 616 1421 645 dub.

1118 653 1289 693 capellania
1302 656 1469 686 amovibilis
1482 667 1541 687 non
1555 658 1681 695 subjacet
1688 657 1862 696 praestationi

1154 696 1254 726 mediae
1275 705 1385 725 annatae
1402 717 1410 725 .
1447 698 1583 727 Firmana
1612 707 1658 734 19.
1692 699 1857 737 Septembris

1169 746 1186 763 a
1207 758 1214 765 .
1229 740 1294 766 180.

1147 745 1168 775 p
1184 748 1287 806 gissulto
1306 778 1401 807 minus
1412 778 1527 817 quando
1541 777 1663 808 Ecclesia
1680 778 1785 809 habeat
1807 789 1859 818 pro

1150 817 1269 846 Fabrica
1282 817 1436 856 peculiares
1448 819 1554 848 reditus
1571 819 1640 848 ibid.

1109 855 1280 894 Ccpellania
1295 857 1420 888 conferri
1437 857 1521 887 debet
1544 858 1719 888 habentibus
1734 857 1857 899 qualita-

1148 906 1190 926 tes
1203 908 1219 926 a
1233 899 1393 928 Fundatore
1409 897 1551 937 requisitas
1565 919 1572 927 .
1592 899 1706 937 oſjfifina
1725 901 1857 939 Capella·

1149 938 1202 965 niae
1212 947 1258 974 29.
1269 939 1390 978 Augusti
1397 948 1461 980 pag.
1476 943 1540 974 15⁶·

1110 976 1280 1016 Capellania
1300 977 1389 1017 potest
1401 979 1454 1006 esse
1471 976 1611 1007 manualis
1623 998 1634 1014 ,
1660 982 1687 1009 δι
1702 990 1761 1009 non
1788 991 1851 1019 per-

1146 1027 1229 1057 petua
1241 1039 1251 1054 ‚
1275 1018 1342 1048 licet
1357 1018 1448 1047 erecta
1475 1019 1563 1046 fuerit
1581 1018 1748 1048 auctoritate
1784 1022 1853 1061 Epi-

1146 1059 1241 1096 scopi.
1253 1059 1408 1087 Vz'terbien.
1421 1059 1585 1098 Capellanzae
1603 1067 1650 1094 30.
1667 1058 1749 1088 Maii
1771 1063 1810 1089 ad
1826 1063 1845 1090 1

1146 1099 1211 1128 dub.
1220 1109 1285 1139 pag.
1300 1102 1347 1136 89.
1713 1110 1721 1119 ⁴1

1106 1138 1281 1177 Capellanus
1298 1149 1408 1168 tenetur
1420 1139 1572 1177 adimplere
1589 1141 1687 1169 omnia
1712 1151 1801 1171 onera
1822 1140 1855 1172 in

1140 1179 1311 1209 fundatione
1324 1180 1483 1218 proescripta
1494 1181 1601 1209 u‘ndad
1612 1184 1704 1215 [Lar
1716 1182 1847 1211 Ill.duh.

1101 1219 1276 1259 Capellanus
1290 1221 1420 1260 quamvis
1432 1220 1537 1249 habeat
1553 1231 1625 1249 onus
1643 1220 1753 1250 servitii
1773 1221 1846 1250 cho-

1141 1261 1164 1289 ri
1178 1281 1189 1296 ,
1219 1259 1405 1290 nihilominus
1417 1259 1435 1288 fi
1447 1271 1506 1289 non
1518 1259 1558 1289 est
1570 1261 1708 1289 invitatus
1722 1271 1780 1290 non
1794 1271 1848 1298 po-

1141 1299 1194 1330 test
1211 1299 1338 1330 interesse
1355 1311 1419 1330 cum
1434 1300 1572 1339 Capitulo
1588 1299 1770 1329 associationi
1789 1302 1850 1330 Ca-

1140 1339 1276 1370 daverum
1287 1362 1297 1377 ,
1316 1343 1344 1369 8<
1360 1341 1508 1370 funeribus
1521 1360 1532 1376 ,
1555 1351 1607 1369 nec
1619 1341 1791 1379 participare
1808 1341 1845 1370 dc

1141 1379 1344 1412 emolumentis
1356 1382 1423 1409 ibid.
1436 1382 1474 1408 ad
1491 1383 1560 1409 VII.
1570 1382 1635 1409 dub.

1101 1419 1276 1458 Capellanus
1288 1442 1298 1457 ,
1315 1422 1408 1461 quiex
1424 1421 1561 1449 fructibus
1580 1420 1703 1458 Capella
1712 1421 1765 1450 niae
1790 1431 1850 1450 non

1139 1460 1227 1490 habet
1238 1461 1288 1490 nifi
1301 1471 1456 1502 congruam
1473 1481 1484 1497 ,
1512 1472 1570 1489 non
1587 1470 1698 1490 tenetur
1709 1462 1743 1490 ad
1754 1462 1851 1490 Uten-

1148 1499 1240 1530 filium
1257 1500 1430 1531 solutionem
1440 1502 1509 1530 ibid.
1525 1502 1564 1528 aaz
1574 1503 1626 1530 VI.
1638 1502 1722 1538 dub„
1747 1507 1781 1531 eff
1798 1510 1848 1530 21.

1149 1542 1316 1571 Novembris
1323 1553 1388 1582 pag.
1407 1545 1472 1578 198.

1101 1581 1357 1620 Cappuccinisunt
1369 1592 1484 1622 capaces
1497 1582 1581 1622 legati
1597 1581 1734 1611 Sacristiae
1751 1580 1849 1611 relieti

1140 1623 1293 1651 Viterbien.
1307 1626 1407 1662 Legati
1422 1632 1467 1658 19.
1479 1623 1645 1662 Septembru
1653 1625 1790 1661 pag.180.

1099 1660 1249 1692 Castitatis
1266 1672 1366 1693 votum
1385 1663 1524 1692 adnexum
1542 1661 1650 1691 Ordini
1676 1663 1762 1691 Sacro
1787 1671 1846 1690 non

1137 1701 1332 1741 dispensatur,
1362 1703 1411 1733 nifi
1427 1711 1614 1732 concurrente
1632 1703 1684 1738 vi,
1712 1704 1738 1730 δι
1766 1710 1844 1732 metu

1140 1743 1258 1773 cadente
1282 1745 1311 1773 in
1329 1743 1505 1773 constantem
1517 1744 1608 1772 virum
1627 1763 1634 1771 .
1658 1742 1846 1780 Oshabrugert.

1140 1782 1349 1820 dispensationis
1361 1794 1406 1821 14.
1422 1784 1533 1812 Mami
1542 1793 1607 1822 pag.
1626 1792 1673 1818 ²9·

1098 1821 1283 1852 Cathechefis
1302 1822 1368 1853 loco
1384 1823 1534 1852 concionis
1544 1822 1575 1851 fit
1583 1824 1613 1850 in
1625 1821 1745 1850 Ecclesia
1756 1822 1843 1849 Kem-

1136 1861 1212 1900 penss
1227 1863 1299 1892 feria
1309 1872 1337 1899 4.
1348 1883 1359 1898 ,
1369 1865 1396 1890 ὃ(
1408 1867 1436 1890 6.
1446 1861 1673 1901 Qadragefimae
1686 1881 1694 1889 .
1709 1861 1842 1890 Colonien.

1146 1909 1195 1937 24.
1209 1901 1320 1930 Martii
1332 1904 1370 1929 ad
1384 1902 1454 1929 ΧΧ.
1466 1902 1532 1929 dub.
1540 1910 1606 1940 pag.
1623 1909 1633 1935 3
1645 1910 1670 1929 1.

1102 1940 1256 1969 Cathedrae
1272 1941 1424 1970 Lectorum
1444 1941 1580 1979 supprimi
1596 1939 1705 1979 possunt
1727 1950 1744 1968 a
1756 1941 1844 1977 Supe-

1140 1980 1265 2010 rioribus
1288 1980 1514 2010 Univerfitatum
1526 2002 1536 2015 ‚
1569 1983 1596 2009 &
1613 1979 1843 2019 collegiorum..

1140 2023 1247 2050 fanen.
1266 2021 1379 2059 Collegii
1404 2022 1563 2049 Studiorum
1591 2030 1638 2056 29.
1662 2021 1783 2058 Augusii
1804 2020 1843 2047 ad

1140 2063 1184 2090 II.
1200 2061 1338 2099 dub.pag.
1354 2070 1419 2095 157.

1099 2102 1156 2131 Pro
1169 2100 1322 2131 Catliedris
1333 2100 1550 2129 Institutionum
1560 2099 1704 2130 Civilium
1718 2120 1727 2135 ‚
1742 2101 1770 2129 &
1780 2099 1840 2128 ca-

1138 2142 1306 2171 nonicarum
1320 2161 1330 2176 ‚
1362 2141 1477 2181 quando
1485 2141 1543 2169 duo
1555 2141 1590 2169 ab
1601 2141 1685 2170 initio
1699 2138 1840 2169 constitu-

1137 2183 1159 2212 ti
1172 2184 1235 2211 sunt
1248 2182 1382 2211 Le&ores
1393 2203 1403 2217 ‚
1437 2192 1495 2210 non
1518 2180 1608 2220 potest
1620 2192 1671 2219 pro
1689 2180 1837 2218 utriusque

1137 2233 1208 2252 unus
1225 2232 1334 2251 tantum
1345 2222 1474 2259 deputari
1484 2222 1551 2250 ibzd.
1564 2222 1603 2248 ad
1614 2223 1675 2248 III.
1691 2220 1757 2247 dub.

1097 2262 1298 2293 Celebrationi
1315 2261 1534 2301 Sacrificii‚que
1552 2260 1582 2289 fit
1596 2271 1612 2289 a
1624 2259 1756 2289 Par-ocho
1770 2259 1832 2287 die-

1132 2304 1185 2333 bus
1202 2302 1351 2332 ferialibus
1366 2323 1378 2338 ,
1407 2312 1466 2332 non
1484 2310 1614 2330 tenentur
1641 2299 1758 2328 assistere
1786 2300 1834 2327 Sa-

1136 2344 1266 2374 cerdotes
1282 2364 1293 2379 ,
1318 2343 1454 2372 habentes
1471 2350 1542 2370 onus
1559 2339 1639 2369 illum
1659 2340 1835 2376 coadjuvan-

1133 2384 1162 2414 di
1179 2384 1209 2413 in
1228 2385 1308 2413 Cura
1325 2383 1512 2413 Animarum.
1523 2382 1655 2410 Cotonzen.
1671 2379 1828 2418 141h'r1r11'i

1134 2426 1174 2453 ad
1183 2427 1234 2453 VIR
1250 2424 1315 2452 dub.
1332 2433 1396 2462 pag.
1409 2431 1474 2458 157.

1096 2464 1298 2496 Celebrationi
1311 2461 1447 2492 Sacrificii
1460 2463 1592 2500 quamvis
1609 2460 1717 2491 nullum
1735 2460 1766 2489 fit
1773 2471 1833 2499 pre·

1134 2506 1270 2544 scriptum
1286 2513 1413 2540 tempus,
1442 2503 1551 2539 expedit
1569 2502 1757 2531 nihilominus
1775 2521 1784 2532 ,
1803 2509 1833 2528 ut

1133 2546 1234 2575 diebus
1246 2543 1322 2572 festis
1340 2543 1387 2571 fiat
1402 2542 1485 2571 certis
1501 2542 1579 2572 horis
1602 2553 1653 2582 pro
1669 2541 1828 2571 commodi-

1133 2595 1191 2615 tate
1207 2582 1307 2622 Populi
1325 2583 1391 2611 ibid.
1401 2583 1439 2609 ad
1453 2584 1539 2611 VIII.
1551 2584 1616 2612 dub.

1093 2627 1223 2664 Censure
1233 2634 1290 2652 non
1299 2623 1432 2652 dicuntur
1441 2623 1558 2653 incursae
1571 2634 1618 2662 per
1627 2623 1830 2652 alienationem

1127 2667 1270 2696 bonorum
1288 2662 1455 2702 Capellanicg
1469 2664 1545 2692 bona
1562 2664 1615 2692 fide
1631 2663 1733 2691 fastam
1745 2682 1752 2689 .
1771 2666 1828 2688 (fis

1127 2706 1261 2738 merinen.
1280 2704 1408 2739 uduln‘
1423 2705 1461 2734 aa
1476 2707 1502 2734 Ι.
1517 2704 1659 2745 duhpag.
1671 2711 1735 2739 ης.
1756 2740 1809 2770 U<
