1980 3015
607 201 648 249 ’4.
669 198 780 251 Juni)
802 199 913 247 1768.
1403 203 1476 245 15¹1

144 253 436 302 compatibiles
456 252 763 293 declaraverint
780 266 874 293 cum
893 253 986 292 aliis
1003 251 1210 294 beneficiis
1228 252 1472 293 residentia·

146 308 249 345 libus
268 307 446 344 :obstare
467 306 562 345 ideo
594 316 777 355 apertam
797 306 1076 346 Fundatorum
1100 305 1360 346 voluntatem
1377 331 1390 350 ,
1418 319 1469 345 ne

145 371 216 408 per
235 358 468 408 incognitos
483 357 670 398 Clericos
698 359 880 398 Ecclesiae
902 359 1126 399 inserviant
1143 383 1157 403 ,
1183 371 1287 399 neve
1312 358 1361 398 ad
1385 359 1469 397 alia

148 423 316 450 munera
339 411 549 459 implenda
576 413 624 450 ab
643 411 818 450 Ecclesia
834 412 960 450 absint
980 441 990 450 .
1023 411 1152 461 quue
1180 410 1340 459 pessimi
1358 409 1473 450 futu-

149 475 239 502 rum
258 462 333 503 esse
351 464 561 511 exempli,
590 477 683 503 cum
715 465 907 513 deinceps
938 477 1099 515 quoque
1131 464 1205 502 alii
1223 475 1270 503 ex
1297 464 1441 503 iisdem
1459 487 1474 508 2

150 516 236 554 imo
251 516 551 565 urgentioribus
569 519 693 556 causi<
709 544 720 560 ‚
738 517 861 556 facile
881 516 989 555 idem
1023 517 1231 555 indultum
1261 516 1336 555 sint
1367 516 1479 565 peti-

152 568 235 608 turi
254 594 265 613 ‚
291 571 329 608 5(
358 569 602 609 obtenturi.
632 570 790 609 Falsum
822 569 897 609 elle
928 570 1177 617 suppositum
1192 570 1328 607 stilum
1358 568 1479 608 inser-

151 622 293 660 viendi
311 622 449 660 Choro
475 634 548 671 per
572 622 699 661 alium
717 647 730 665 ‚
759 622 825 661 sed
855 630 1019 661 tantum
1036 645 1049 664 ‚
1079 629 1255 670 urgente
1283 620 1477 670 legitimo

154 674 458 721 impedimento
474 700 487 720 ,
502 674 721 725 aliquando
737 675 919 714 absentes
937 672 1161 723 subrogasse
1175 674 1278 713 alios
1305 685 1377 722 pro
1394 673 1474 711 im-

154 728 371 776 plemento
398 739 571 766 onerum
587 725 797 767 Missarum
824 752 836 770 ‚
861 726 927 764 vel
961 738 1032 774 pro
1061 726 1264 765 exercitio
1291 726 1475 766 muneris

156 780 330 819 Diaconi
350 803 365 824 ‚
395 780 432 820 Sc
449 779 693 818 Subdiaconi
717 780 754 816 in
774 777 880 817 festis
910 778 1221 817 solemnioribus
1239 807 1250 817 .

101 831 280 872 Nullam
305 845 404 872 vero
432 830 583 872 subesse
610 832 770 872 causam
801 828 1053 869 concedendi
1091 830 1298 868 indultum
1324 829 1452 869 Carolo
1469 860 1479 870 .

153 885 277 926 Hune
294 896 500 936 nunquam
515 887 769 923 concionatoris
784 893 930 924 munus
943 881 1095 931 gessisse
1111 908 1124 927 ,
1152 883 1190 921 δε
1214 880 1338 922 facile
1353 884 1483 922 etiam

156 938 266 978 idem
281 938 454 986 implere
471 935 577 986 posse
592 938 658 976 vel
677 946 866 984 tempore
884 934 1079 974 bimestris
1094 935 1324 975 vacationis
1343 936 1383 974 in
1398 935 1489 974 fun-

153 990 324 1029 datione
338 988 547 1033 conceffae‚
565 992 631 1028 vel
651 990 823 1029 obtenta
840 987 1112 1027 diuturnioris
1128 989 1329 1037 temporis
1343 990 1487 1029 absen-

154 1044 221 1083 tia
250 1053 274 1080 a
290 1042 484 1081 Decano.
505 1041 707 1080 Officium
738 1044 885 1079 [sicarii
904 1041 1099 1079 Generalis
1127 1041 1247 1081 valde
1271 1051 1479 1082 remotum

155 1093 233 1135 esse
247 1117 260 1137 ‚
278 1105 372 1133 cum
390 1093 532 1132 studiis
548 1094 748 1144 legalibus
766 1105 971 1144 nunquam
989 1105 1158 1141 operam
1176 1094 1341 1134 dederit
1359 1118 1372 1138 ,
1402 1106 1478 1133 nec

156 1149 293 1188 laurea
310 1147 355 1185 fit
370 1146 586 1195 insignitus
601 1175 611 1185 .
644 1145 892 1196 Longaevum
912 1146 1033 1195 usque
1051 1158 1155 1185 nunc
1170 1147 1388 1196 praestitum
1407 1147 1481 1185 Ec-

154 1198 475 1250 alesta-servitium
491 1210 571 1237 non
590 1199 795 1238 laudabile
811 1224 823 1243 ‚
837 1211 911 1237 nec
926 1200 1084 1247 premio
1103 1199 1274 1249 dignum
1290 1198 1486 1244 effemum

156 1251 322 1302 singulis
340 1250 457 1290 annis
473 1250 655 1301 plurium
669 1251 868 1292 mensium
887 1252 1144 1301 punCtaturis
1169 1252 1329 1302 semper
1355 1250 1485 1292 fuerit

162 1305 388 1345 muletatus
404 1333 415 1343 .

113 1357 298 1397 Demum
315 1355 662 1401 addit‚.Carolum
681 1358 790 1396 ultra
817 1357 942 1396 aliam
958 1356 1244 1406 Capelianiam
1277 1357 1489 1398 Laicalem

165 1410 205 1448 in
225 1409 393 1458 Oppido
410 1409 675 1458 Appignam,
709 1410 891 1448 retinere
921 1408 1224 1448 Canonicatum
1257 1410 1296 1448 in
1323 1411 1491 1460 Oppido

159 1462 393 1503 Monteccln‘o
411 1484 424 1503 ‚
457 1472 477 1498 a
512 1463 626 1506 cujus
660 1460 876 1501 reficientia
908 1459 989 1498 fuit
1017 1472 1040 1498 a
1065 1461 1119 1500 sa.
1144 1473 1278 1501 mem.
1313 1463 1490 1502 Benedi-

159 1516 227 1553 Cto
250 1513 363 1552 XIV.
383 1513 633 1561 dispensatus
652 1512 826 1561 expressa
847 1512 940 1560 lege
959 1537 974 1556 ‚.
1001 1521 1046 1551 ut
1066 1512 1304 1554 in'AEcclefia
1336 1514 1373 1552 S.
1394 1514 1489 1554 Ma·

163 1567 230 1605 ria:
253 1567 510 1615 Angelorum
525 1567 744 1606 resideret:
776 1564 988 1603 immerito
1007 1564 1101 1603 ideo
1117 1578 1224 1604 nune
1243 1578 1407 1616 quoque
1426 1568 1489 1607 in-

163 1619 332 1657 dultum
353 1618 551 1658 abessendi
568 1619 616 1657 ab
635 1616 802 1666 Oppido
821 1616 1079 1665 Philoptrani
1097 1626 1240 1666 petere
1255 1627 1401 1657 contra
1418 1633 1490 1660 ex·

167 1668 335 1721 pressam
354 1671 487 1720 legem
505 1671 555 1710 sa.
576 1683 700 1710 mem.
721 1667 934 1709 Benedic'ti
953 1666 1070 1708 XIV.
1090 1694 1103 1715 ‚
1130 1671 1168 1710 ὃ(
1196 1679 1382 1718 apertam
1414 1685 1489 1712 vo-

174 1723 383 1762 luntatem
407 1722 683 1762 Fundatorum
703 1752 713 1762 .
1092 1723 1094 1725 ’

114 1775 361 1816 Communis
376 1775 580 1815 distinffio
598 1778 650 1816 est
665 1776 715 1814 de
733 1775 950 1816 residentia
970 1777 1132 1825 praecisa
1148 1801 1162 1823 ‚
1190 1778 1228 1817 Sc
1256 1778 1465 1818 causativa
1482 1808 1494 1819 .

164 1828 338 1868 Praecisa
359 1829 585 1878 requiritur
618 1839 735 1869 certe
762 1829 801 1867 in
823 1829 1037 1868 Beneficns
1055 1856 1066 1874 ‚
1103 1831 1167 1869 vel
1195 1830 1453 1878 Cabellaniis
1471 1855 1485 1876 ,

166 1893 255 1931 quae
273 1881 488 1920 servitium
501 1880 629 1920 Chori
648 1883 796 1921 habent
829 1882 1124 1920 in'Cathedrali
1142 1884 1206 1921 vel
1223 1882 1489 1932 collegiati„

168 1933 350 1972 Ecclesia
366 1934 400 1971 F
402 1947 532 1982 agnan.
549 1939 589 1971 in
606 1945 682 1982 cap.
716 1945 758 1972 ut
773 1935 948 1971 Abbatex
962 1936 1008 1971 de
1022 1945 1122 1972 aetat.
1142 1959 1154 1978 ‚
1191 1939 1233 1979 ἐς·
1247 1936 1498 1981 ηκαΙέι.,Βαν-

170 1985 241 2028 hos.
272 1989 310 2021 in
323 1988 425 2024 Sum.
441 1986 572 2036 Apost,
591 1989 701 2024 verbo
731 1987 941 2035 Capellam'a
971 2000 1071 2023 num.
1092 2001 1125 2025 2.
1148 2013 1158 2031 ,
1188 1989 1377 2028 Antonel.
1407 1992 1491 2029 cie-2

173 2035 321 2084 Regim.
338 2039 473 2086 Ecclefi
503 2040 568 2077 lib.
596 2053 629 2081 3.
651 2049 727 2087 cap.
747 2053 780 2081 3.
799 2044 940 2077 num.6.
974 2041 1097 2077 Piton.
1129 2042 1173 2077 de
1188 2052 1302 2079 coutr.
1320 2051 1416 2090 patr.
1436 2043 1494 2079 al-

175 2088 243 2135 leg.
266 2101 326 2133 27.
345 2102 440 2127 num.
463 2102 516 2134 5.‚
536 2093 687 2140 Rigant.
705 2094 755 2128 ad
772 2093 861 2139 Reg.
881 2092 1044 2129 Cancell.
1063 2105 1177 2140 reg.1.
1198 2101 1234 2136 5.
1251 2099 1284 2133 8.
1310 2106 1495 2137 num.25.‚

176 2140 242 2178 vel
261 2139 463 2179 adnexum
478 2155 578 2180 onus
592 2142 792 2182 assistendi
811 2143 975 2182 Divinis
993 2142 1158 2183 Officiis
1176 2144 1213 2183 in
1236 2146 1411 2184 Ecclefia
1431 2145 1502 2183 Pa«

178 2191 357 2230 rochiali
374 2215 387 2234 ‚
412 2192 450 2231 Sc
482 2192 709 2233 Pax-ochum
725 2195 948 2240 adiuvandi
967 2197 1086 2236 Pium.
1108 2196 1328 2246 discept.28.
1350 2199 1394 2233 de
1412 2211 1498 2235 con-

176 2255 222 2282 tr.
239 2254 338 2293 patr.
351 2254 415 2292 per
432 2255 495 2282 tot.
512 2247 631 2286 {Satn
661 2249 898 2295 congregatio
911 2251 951 2284 in
967 2250 1152 2297 Nepesina
1184 2250 1403 2299 Capellaniae
1425 2253 1486 2287 16.

173 2299 401 2335 Novembris
438 2302 551 2343 1708.
582 2320 595 2339 ,
629 2301 670 2340 ’ὅς’
698 2303 735 2334 in
769 2301 967 2337 ruderum
996 2301 1215 2349 Capellaniae
1245 2313 1306 2343 25.
1348 2301 1501 2349 θαυμα-

183 2353 234 2386 rii
257 2354 369 2396 1738.
1505 2356 1509 2358 “

70 2431 84 2439 .
126 2400 204 2440 Vel
224 2402 248 2438 si
267 2414 378 2448 paena
393 2397 616 2440 amissionis
635 2411 777 2439 contra
796 2415 871 2440 non
891 2403 1109 2443 residentes
1130 2405 1307 2450 injunffl
1337 2404 1384 2443 fit
1402 2408 1498 2444 Leu-

180 2468 255 2493 ren.
274 2455 395 2501 infor.
413 2455 527 2499 benef.
542 2462 636 2502 part.
661 2454 793 2501 hscfl.
819 2468 848 2495 3.
879 2465 952 2503 cap.
975 2470 1004 2494 r.
1038 2458 1152 2505 (μειβ.
1177 2461 1265 2503 364.
1284 2481 1297 2499 ‚
1327 2460 1494 2503 Garzjas

181 2509 227 2545 de
243 2509 357 2554 henes:
372 2516 467 2556 part.
494 2521 507 2545 1
524 2521 555 2545 1.
577 2515 653 2555 cap.
675 2519 708 2543 1.
729 2521 824 2543 num.
839 2521 903 2551 90.
926 2533 935 2548 ,
957 2510 1091 2545 Lotter.
1113 2510 1158 2544 de
1183 2522 1220 2544 re
1251 2509 1370 2556 benef.
1386 2511 1496 2553 liba.

186 2569 263 2608 cap.
283 2574 343 2606 27.
362 2573 456 2597 num.
476 2571 513 2601 3.
529 2582 541 2601 ,
557 2557 641 2596 Rot.
662 2562 700 2594 in
714 2558 972 2605 stfforzasterien.
991 2559 1216 2597 parochialis
1238 2566 1297 2599 16.
1329 2561 1452 2600 Fehru
1464 2578 1508 2600 α-

186 2616 236 2649 rii
258 2617 372 2660 1748.
391 2620 427 2654 s.
447 2624 483 2653 3.
499 2624 616 2647 coram
632 2612 906 2659 Eminentffmo
921 2611 1102 2659 Migazzi
1115 2641 1124 2651 .
1146 2612 1227 2651 Aut
1242 2614 1268 2651 si
1284 2626 1408 2654 onera
1431 2627 1508 2663 per

183 2664 372 2712 seipsum
404 2663 613 2711 implenda
642 2664 887 2701 mandentur
916 2665 1040 2702 Picon.
1068 2665 1217 2713 discept.
1239 2678 1439 2714 142.num.
1467 2682 1503 2710 3.

185 2717 368 2757 Panimol,
386 2717 500 2763 decis.
521 2728 605 2756 130.
623 2729 717 2754 num.
732 2730 787 2753 12.
805 2742 816 2760 ,
836 2715 920 2754 Rot.
941 2729 1060 2754 coram
1085 2719 1251 2756 Emerix.
1283 2720 1361 2757 dec.
1387 2734 1399 2757 1
1413 2733 1507 2767 240.

259 2770 353 2808 Tom-
371 2767 591 2807 XXXVII.
997 2769 1033 2808 V
1373 2785 1511 2822 nummi.
