2018 2952
549 96 565 123 ι
571 89 625 135 96
935 93 958 123 τ
963 98 1005 132 9.
1023 84 1243 134 septembr&
1263 86 1378 132 1767.

543 135 723 177 examini
744 160 756 181 ,
774 136 865 174 tum
894 144 940 175 ut
971 136 1019 175 ab
1039 137 1181 183 injusta
1206 145 1303 177 nota
1318 137 1548 178 eximantur
1576 160 1592 182 2
1625 144 1717 178 tum
1743 145 1790 178 ut
1810 141 1875 180 rei

545 189 699 231 veritas
715 188 841 241 magis
859 188 1066 239 magisque
1084 190 1292 231 elucescat
1308 218 1319 228 .

495 244 605 285 Hinc
624 241 866 289 spernendas
881 238 958 282 esse
972 241 1145 283 subdunt
1161 241 1420 292 probationes
1450 251 1591 281 omnes
1607 253 1629 280 a
1648 241 1874 284 Parochia·

547 296 608 334 nis
627 302 749 334 autea
765 292 962 332 dedustas
997 319 1009 339 ‚
1039 307 1164 345 quum
1182 294 1298 344 pauci
1314 293 1513 333 contrarii
1533 291 1671 333 Testes
1689 294 1861 342 sedum,

542 360 588 389 ac
604 345 769 394 decepti
788 343 941 388 fuerint
955 369 968 390 ‚
998 347 1037 386 ὃς
1051 345 1137 386 fere
1151 359 1292 388 omnes
1308 347 1388 386 sese
1407 346 1636 386 retrac'tave
1646 347 1724 385 rint
1741 376 1752 386 .
1784 348 1863 386 Pa-

543 401 690 440 rochos
711 398 749 439 S.
765 397 937 439 Andreae
951 423 964 444 ,
992 399 1031 440 &
1051 399 1090 438 S.
1112 399 1252 439 Mariae
1278 399 1330 438 de
1346 398 1475 439 Podio
1489 397 1596 438 nihil
1627 399 1676 438 de
1697 399 1866 439 δεηθε-

541 454 642 493 fiun'a
674 449 877 493 electione
905 450 1152 499 deposuisse:
1182 451 1329 491 nullibi
1357 452 1397 490 in
1429 451 1518 491 Sac.
1549 450 1863 492 Vifitationibus

539 505 756 547 Annorum
774 507 889 541 1622.
910 507 1025 547 1663.
1048 517 1161 549 17²0·
1174 505 1295 544 verba
1313 503 1452 546 haberi
1481 502 1531 543 de
1546 504 1750 543 electione
1770 507 1867 544 San-

542 557 706 599 e‘tefium
736 568 758 595 a
773 556 1034 595 Parochianis
1066 557 1243 599 habenda
1263 568 1273 598 ,τ
1302 556 1469 596 demum
1499 556 1661 597 unicam
1689 557 1864 596 electio-

538 620 632 650 nem
651 607 997 651 conservatorum
1013 608 1211 649 Civitatis
1239 608 1386 650 factam
1402 609 1525 648 Anno
1548 614 1659 648 1611.
1688 609 1863 648 statum..

540 673 612 711 pro
629 661 825 701 hodierna
839 661 1052 711 quaestione
1087 674 1190 704 nunc
1217 674 1296 702 non
1314 662 1418 710 poffe
1436 662 1609 710 praebere
1640 687 1653 706 ,
1680 661 1858 703 maxime

540 714 634 765 quia
648 727 694 754 ea
710 714 828 753 unica
844 714 995 755 eleetio
1011 714 1202 758 continet
1218 715 1425 757 SanReses
1442 714 1619 756 aliarum
1636 713 1860 754 ParochIa-

540 779 630 808 rum
646 792 659 812 ,
678 779 755 806 uon
771 766 866 806 illos
883 765 1091 808 Parochiae
1108 767 1173 807 SS.
1195 767 1367 809 Faustini
1384 795 1396 814 ,
1414 769 1452 807 ὃς
1467 764 1612 815 Jovitae
1629 795 1639 805 .

487 820 526 862 H
539 821 605 860 inc
623 818 875 859 concludunt
890 817 938 858 ad
955 818 1009 861 11.
1022 819 1200 862 inaniter
1216 820 1281 871 agi
1295 819 1554 870 quaestioncm
1571 819 1622 861 de
1639 828 1763 872 quota
1780 830 1857 858 vo-

538 873 596 913 cis
613 871 874 915 Parochianis
904 870 1131 914 addicenda
1147 899 1160 920 ‚
1189 873 1323 914 statim
1352 885 1397 912 ac
1431 873 1491 913 eis
1511 872 1669 912 nullum
1687 872 1749 917 jus
1767 872 1856 910 ele-

537 924 684 965 (tionis
702 932 939 972 competere
955 926 1108 967 constat
1121 940 1136 966 ,-
1167 928 1350 976 itemque
1365 926 1413 965 ad
1426 926 1476 965 V.
1494 933 1670 975 arguunt
1682 948 1696 967 ,
1728 923 1858 963 nulli-

536 984 599 1017 ter
630 975 904 1017 parochianos
931 976 968 1016 S.
990 976 1162 1018 Faustini
1180 979 1312 1020 edicta
1330 1001 1343 1021 ‚
1373 978 1440 1018 seu
1475 975 1778 1020 notificationes
1804 975 1857 1015 ad

537 1028 773 1079 eligendum
804 1027 967 1067 affixisse
985 1055 998 1074 ,
1027 1031 1200 1072 nulliter
1214 1033 1255 1072 se
1271 1028 1507 1073 convocasse
1536 1030 1587 1069 ad
1603 1029 1858 1081 eligendum,

535 1081 844 1171 aasubsecutam
872 1081 1121 1125 elcstionem
1146 1094 1288 1136 aperto
1304 1082 1513 1130 nullitatis
1544 1081 1651 1126 vitio
1667 1091 1857 1123 notatam

534 1146 558 1172 e
592 1146 613 1173 e
630 1163 640 1174 .

486 1185 526 1225 A
541 1184 804 1224 Parochianis
821 1186 952 1226 adhuc
965 1186 1154 1228 libellum
1168 1202 1247 1236 non
1264 1188 1476 1230 habuimus
1493 1218 1504 1235 ,
1525 1189 1773 1239 Proponitur
1786 1218 1797 1229 .

487 1238 784 1301 Aufifstandum
799 1261 812 1281 s
843 1240 905 1281 vel
919 1242 1157 1283 recedendum
1171 1258 1193 1285 a
1209 1244 1331 1295 deo-ists
1345 1243 1463 1295 quoad
1477 1244 1506 1288 1,
1523 1242 1571 1286 II.
1587 1267 1602 1294 ‚
1618 1244 1662 1288 ἐπ’
1675 1245 1729 1293 [s.
1744 1243 1845 1284 Dub.

590 1304 629 1332 m
640 1290 724 1341 casu
740 1292 816 1338 &a

1711 2697 1789 2740 'Die
