2018 2952
515 176 561 201 10
975 176 1037 212 24.
1060 161 1238 213 Januarii
1257 166 1369 210 1767.

514 227 555 253 ra
575 241 587 259 ‚
608 225 685 264 qua
703 212 896 263 suppressa
916 214 978 253 sex
997 216 1194 254 Beneficia
1214 218 1249 255 in
1271 227 1390 255 veros
1409 214 1685 255 Canonicatus
1703 215 1750 256 ad
1776 216 1839 255 in'-

509 267 586 304 star
604 266 779 304 aliorum
795 265 1122 305 Canonicatuum
1139 269 1401 319 antiquorum
1418 269 1554 307 erecta
1572 269 1766 307 fuerunt:
1790 279 1838 306 cx

512 317 656 356 habitu
674 343 686 362 ‚
707 319 744 358 &
762 319 937 367 insigniis
956 319 1268 359 Canonicalibus
1286 320 1455 367 propriis
1479 319 1835 364 Canonicorum-›‚

514 381 596 425 non
615 368 953 409 Beneficiatorum
973 383 981 408 ε
1001 384 1045 410 ex
1065 372 1145 421 ipsa
1161 373 1339 421 denique
1355 373 1447 411 fidei
1469 373 1711 421 professione
1746 384 1766 410 a
1784 385 1841 409 lo-

517 420 569 459 lis
590 421 805 461 Canonieis
822 448 834 466 ‚
851 436 927 462 non
948 436 1044 462 vero
1061 437 1080 462 a
1115 424 1374 464 Beneficiatis
1403 425 1636 464 emittenda
1667 427 1833 467 Garzjas

514 473 560 510 de
575 475 701 520 Renes.
731 485 851 522 par.3.
883 485 999 525 cap.3.
1032 490 1127 515 num.
1152 482 1212 516 16.
1233 502 1245 522 ,
1270 478 1415 525 Barbas.
1433 480 1478 515 de
1505 480 1636 515 Canon.
1668 487 1743 525 cap.
1764 489 1826 523 17.

522 538 686 569 num.13.

463 573 528 618 Aa
551 578 766 617 secundum
783 579 1055 627 contendunt,
1075 580 1388 629 praecedentiam
1414 580 1636 630 antiquiori
1656 578 1834 619 Canoni-

515 631 629 669 catui
647 629 803 677 semper
820 631 958 671 deberi
974 646 989 672 3
1004 633 1092 671 suos
1109 634 1274 680 proinde
1292 633 1568 673 Canonicatus
1586 645 1693 671 anno
1714 636 1828 677 1629.

523 683 683 721 ere-nos
714 684 944 736 praecedere
973 685 1121 725 debere
1138 686 1295 725 caeteris
1325 685 1645 725 Canonicatibus
1678 696 1722 722 ex
1745 684 1827 731 post

516 735 661 772 ereffls
682 761 694 780 ,
713 737 778 774 vel
798 737 1028 785 erigendis:
1061 740 1135 776 hoc
1156 739 1372 777 consonum
1393 737 1468 776 effe
1488 746 1575 775 tum
1591 735 1831 774 Concordiae

510 787 606 824 anni
625 791 844 836 1629.‚quae
863 788 1092 828 Canonico's
1109 793 1153 828 de
1170 791 1274 828 Solio
1292 790 1607 829 Canonicatibus
1625 790 1706 832 jam
1728 796 1824 825 tunc

512 838 658 894 erectis
673 847 834 877 tantum
852 842 1066 888 postposuit
1086 868 1097 886 ‚
1117 852 1204 881 tum
1222 844 1380 890 justitiae
1400 868 1412 887 ‚
1442 842 1479 880 ὃς
1498 840 1685 892 ‘equitati
1701 864 1713 881 ‚
1744 851 1825 878 ne..-

513 889 614 928 alias
632 891 844 929 absurdum
861 893 1103 943 contingat,
1132 904 1175 933 ut
1193 895 1390 934 Canonici
1413 893 1632 932 novinimae
1648 891 1826 931 crestio-

509 941 573 980 nis
591 954 659 989 per
675 941 824 981 saltur'n
845 945 913 982 fibi
931 944 1017 993 ipfis
1036 947 1262 995 praecedant
1276 973 1289 993 ,
1306 947 1463 996 origine
1483 971 1495 991 ,
1508 946 1633 995 gradu
1652 970 1664 990 ,
1681 944 1718 983 Sc
1736 943 1826 992 pose

512 993 678 1033 seffioue
697 995 966 1035 anterioribus
984 1026 995 1036 .

460 1046 774 1103 Attendendum
788 1059 885 1086 vero
902 1060 980 1087 nou
997 1047 1075 1089 esse
1092 1051 1378 1101 quodcumque
1397 1049 1549 1089 facium
1565 1075 1578 1094 ‚
1595 1048 1661 1088 vel
1683 1057 1832 1095 appro-

509 1099 718 1137 bationem
733 1099 915 1146 Capituli
942 1101 980 1139 in
1000 1103 1115 1140 novis
1141 1103 1458 1143 Canonicatibus
1476 1101 1715 1150 erigendis:
1751 1111 1823 1137 ne-

510 1149 681 1206 quiviffe
697 1152 940 1199 Capitulum
954 1155 1021 1193 vel
1037 1154 1353 1204 Pontificiattlegi
1376 1181 1388 1200 ‚
1416 1155 1480 1193 vel
1513 1154 1672 1204 Juribus
1699 1151 1834 1190 Cano-

510 1214 696 1241 nicorum
711 1205 755 1240 de
767 1205 866 1241 Solio
881 1205 1074 1255 derogare
1091 1233 1103 1252 ,
1120 1209 1186 1246 vel
1208 1208 1353 1246 saltem
1372 1219 1441 1255 per
1471 1206 1672 1246 solemnes
1703 1204 1833 1242 iuter-

513 1255 661 1303 pofitas
679 1256 839 1309 istorum
857 1259 1168 1304 protestationes
1185 1261 1251 1299 sua
1269 1261 1356 1306 jura
1371 1259 1531 1308 semper
1546 1259 1651 1296 sarta
1666 1283 1677 1302 ,
1705 1256 1833 1294 tec‘ta-

514 1319 592 1356 que
612 1307 770 1346 servata
790 1307 903 1347 fuisse
921 1338 931 1347 .

459 1357 525 1397 Ad
545 1357 619 1398 111.
640 1360 914 1402 substinent‚se
933 1370 978 1401 ut
997 1374 1115 1402 veros
1135 1364 1360 1404 Canonicos
1376 1362 1427 1401 de
1444 1363 1628 1401 omnibus
1643 1359 1834 1408 antiquo-

513 1423 600 1448 rum
615 1411 766 1455 juribus
785 1437 796 1456 ‚
829 1413 866 1451 3<
884 1414 1101 1454 honoribus
1120 1415 1363 1456 fruidebere
1378 1429 1392 1456 ³·
1422 1415 1513 1454 hinc
1545 1414 1685 1458 injuste
1701 1412 1832 1450 arceri

511 1464 559 1501 ab
573 1462 726 1501 Officio
742 1464 956 1511 Sfirzarii,
982 1466 1142 1506 scilicet
1170 1481 1188 1506 a
1211 1480 1379 1506 numero
1410 1467 1472 1505 sex
1503 1465 1825 1505 Canonicurum,

512 1515 583 1564 qui
602 1514 828 1562 eliguntur,
847 1525 890 1552 ut
909 1516 1162 1565 insurgentes
1177 1518 1469 1558 controversias
1486 1518 1681 1557 dirimant
1699 1538 1712 1558 ‚
1733 1515 1769 1553 ἃ
1788 1516 1834 1553 ab

509 1565 602 1604 aliis
621 1564 783 1604 Officiis
798 1589 810 1607 ‚
830 1578 915 1615 qux
935 1578 1005 1614 per
1023 1575 1188 1605 turnum
1209 1577 1450 1606 exercentur
1469 1595 1479 1604 .

459 1620 552 1659 Non
571 1616 808 1665 impugnant
822 1619 869 1654 ad
886 1617 1258 1666 IV.servarisolitum
1272 1617 1493 1657 accedendi
1511 1628 1655 1663 nempe
1673 1617 1719 1653 ad
1739 1616 1830 1654 Fal-

510 1669 717 1707 distoriurn
737 1668 865 1718 quoad
891 1669 1026 1708 officia
1058 1670 1268 1718 du'plicia5
1298 1669 1556 1708 contendunt
1587 1678 1723 1706 tamen
1744 1692 1755 1708 s
1785 1669 1821 1706 se

509 1721 549 1759 in
567 1717 713 1757 officiis
731 1720 1042 1760 Canonicalibus
1059 1747 1071 1766 ‚
1101 1723 1138 1761 &
1158 1721 1463 1760 pontificalibus
1488 1720 1537 1758 ad
1559 1718 1664 1758 idem
1686 1720 1830 1757 haldi-

509 1771 675 1810 st‘orium
691 1783 761 1818 pro
782 1770 1029 1810 Invitatorio
1043 1774 1226 1812 canendo
1251 1774 1445 1812 accedere
1466 1783 1542 1810 non
1574 1769 1648 1810 else
1680 1785 1830 1819 cogen-

509 1823 610 1862 dos:
641 1822 830 1872 inquiunt
847 1823 954 1860 enim
972 1849 983 1866 ‚
1012 1824 1049 1862 in
1071 1825 1132 1862 his
1150 1824 1297 1864 officiis
1317 1834 1405 1863 tum
1425 1825 1613 1873 antiquos
1651 1824 1833 1861 Canoni-

510 1887 579 1914 cos
598 1899 610 1918 ‚
639 1882 729 1912 tum
758 1874 924 1913 illorum
956 1874 1226 1921 coadjutores
1260 1877 1539 1923 Antiphonam
1590 1876 1626 1912 in
1655 1876 1830 1923 propriis

511 1926 653 1966 Stallis
673 1937 818 1965 canere
847 1937 856 1962 z
884 1926 1030 1964 nullibi
1050 1928 1088 1965 in
1108 1927 1326 1967 concordia
1339 1937 1507 1967 cautum
1526 1924 1640 1965 fuilse
1663 1953 1674 1969 ‚
1697 1937 1737 1964 ut
1763 1927 1828 1965 inli

512 1980 552 2018 in
571 1977 718 2017 officiis
737 1978 786 2015 ad
803 1976 1069 2016 faldistorium
1084 1980 1279 2019 accedant
1295 1995 1308 2020 ‚-
1337 1982 1446 2018 reaste
1479 1979 1647 2025 proinde
1669 1977 1771 2027 poli‘e
1792 1980 1832 2017 in

509 2028 828 2080 propriisStallis
847 2027 1125 2079 Antiphonam
1144 2031 1593 2078 caiiere‚nroi1tfaciuiit
1610 2029 1829 2074 Cos-{ajuto-

510 2093 573 2122 res
593 2082 853 2132 antiquorum
869 2080 1083 2122 Canonicis
1099 2086 1143 2122 dc
1158 2085 1254 2122 Solio
1274 2085 1545 2123 indubitanter
1583 2084 1796 2121 interiores
1816 2111 1826 2121 .

462 2135 530 2181 Ad
565 2135 757 2172 ultimum
782 2134 958 2182 denique
987 2133 1191 2181 afferunt,
1233 2135 1365 2176 deelse
1394 2135 1600 2183 peculiare
1640 2136 1824 2173 Ecclesne

512 2189 704 2225 statutum
727 2213 738 2231 ‚
771 2188 836 2226 sed
852 2196 897 2226 ex
916 2188 1231 2227 immemorabili
1251 2187 1546 2227 consuetudine
1567 2189 1722 2227 semifer
1750 2187 1829 2225 Ca·

511 2240 678 2277 nonicos
697 2239 884 2289 antiquos
901 2241 1114 2280 vacatione
1131 2241 1257 2280 trium
1275 2242 1471 2280 menlium
1530 2241 1659 2278 avisos
1683 2238 1795 2278 fuiffe
1818 2251 1830 2277 ι

515 2291 700 2340 iniquum
729 2292 894 2339 proinde
932 2291 1007 2330 effe
1030 2317 1043 2337 ‚
1063 2293 1148 2340 ipfis
1180 2295 1364 2343 quamvis
1382 2295 1489 2331 veris
1504 2254 1725 2343 {anonicis
1760 2292 1831 2330 de·

514 2342 680 2391 negari,
712 2345 817 2393 quod
835 2344 1003 2395 reliquis
1020 2345 1069 2384 de
1085 2345 1232 2384 eodem
1256 2345 1450 2395 Capitulo
1469 2345 1547 2382 line
1583 2344 1826 2394 quaestionz.»

515 2395 783 2435 conceditur.
1266 2439 1281 2444 Η
1320 2439 1322 2442 y
1380 2442 1381 2445 Ἴ

470 2450 533 2489 De
551 2456 728 2496 quatuor
747 2447 886 2495 primis
899 2448 1027 2487 dubiis
1054 2449 1140 2488 late
1172 2450 1338 2489 habetur
1369 2446 1526 2486 infolio
1552 2446 1634 2486 diei
1657 2462 1718 2486 22.
1741 2446 1829 2485 No-

518 2499 695 2538 vembris
719 2506 832 2545 1760,
849 2502 898 2539 ad
920 2502 1112 2539 ultimum
1147 2513 1244 2540 vero
1264 2500 1598 2548 'perpendendum
1627 2501 1679 2538 est
1696 2525 1708 2543 ‚
1740 2512 1823 2537 am.-

516 2550 694 2593 ex'novis
724 2553 906 2592 adduffis
936 2554 1089 2598 juribus
1120 2554 1178 2592 sat
1209 2554 1397 2600 probetur
1431 2552 1678 2590 consuetudo
1710 2562 1827 2590 vaca-

517 2608 678 2644 tionum
710 2631 719 2641 .
763 2605 906 2645 Viden.
937 2604 1084 2644 folium
1116 2604 1154 2643 in
1186 2604 1412 2643 Corduben.
1441 2604 1525 2642 diei
1563 2617 1619 2654 14.
1651 2604 1827 2643 Decem-

517 2656 597 2697 bris
618 2659 728 2699 1765.
1652 2692 1653 2695 ,
1694 2690 1697 2695 .

468 2714 558 2755 Nec
576 2719 595 2747 a
610 2706 827 2746 Canonicis
844 2708 1022 2759 antiquis
1039 2716 1257 2759 nuncupat.
1274 2709 1318 2747 de
1328 2709 1533 2758 prebenda,
1553 2721 1625 2749 nec
1642 2721 1664 2749 a
1678 2702 1829 2797 Ptgffes-

1733 2770 1781 2796 0-
