2018 2952
536 190 607 225 ¹42
1024 174 1228 226 8.August1·
1262 177 1374 222 1767.

471 230 645 270 Verum,
660 238 709 266 ne
724 225 894 266 scientia
923 230 1243 274 tantummodo,
1273 229 1339 267 scd
1368 228 1405 266 ὃς
1432 226 1599 274 optimis
1627 225 1806 266 moribus
1825 253 1839 273 ‚

524 278 805 325 &disciplinis
835 278 1034 328 Juventus
1053 279 1342 319 informaretur
1361 304 1375 323 ‚
1402 279 1537 318 erecta
1562 278 1728 318 fuerunt
1760 279 1842 317 im,-

526 331 615 380 ipsis
646 331 883 370 Academiis
914 331 1103 383 specialia
1131 332 1320 382 Collegia
1342 357 1354 375 ‚
1386 331 1434 369 ad
1451 343 1535 380 quae
1551 344 1642 370 eum
1661 331 1837 382 quodam

524 383 689 423 deleaestu
708 383 1029 422 admitterentur
1045 385 1221 433 Juvenes
1237 411 1249 430 ,
1281 386 1319 423 &
1337 384 1405 422 sub
1433 383 1595 432 speciali
1623 383 1840 432 Magistro·

525 447 615 474 rum
645 447 741 473 cura
773 434 885 473 bonis
910 436 1089 474 moribus
1118 436 1324 476 imbuendi
1353 435 1715 474 committerentur
1745 465 1754 474 .
1786 435 1841 473 Ex

525 487 588 526 his
625 486 763 536 itaque
790 487 973 537 sequitur
1000 485 1188 537 Collegia
1221 487 1451 534 hujusmodi
1484 486 1613 525 licitis
1644 512 1657 531 ,
1700 487 1843 536 legiti-

525 538 679 586 misque
701 537 975 577 societatibus
1003 541 1289 584 annumerari,
1319 537 1753 589 quandoSuperiorum
1772 550 1841 576 au-

525 590 718 628 e'toritate
753 591 830 629 sint
855 592 1072 631 constituta
1087 606 1101 632 ,-
1131 592 1337 632 nonenim
1369 592 1530 640 privato
1548 589 1717 628 arbitrio
1733 591 1834 640 erigi

525 642 668 681 valent
691 643 732 680 L·
750 655 785 684 3.
800 644 844 680 de
863 644 951 682 Coll.
973 669 984 687 ‚
1017 648 1059 688 ὠ·
1074 646 1177 694 Corp.
1193 645 1282 683 illic.
1314 643 1443 693 Leges
1474 643 1569 692 ergo
1591 654 1662 691 pro
1696 653 1836 681 eorum

525 693 729 743 regimine
754 694 873 733 condi
890 694 1048 743 possunt
1065 721 1078 741 ‚
1107 709 1154 735 ac
1173 697 1334 735 Statuta
1357 695 1549 744 praescribi
1567 720 1579 738 ‚
1611 704 1656 732 ut
1671 695 1839 733 tradunt

526 745 804 785 communiter
833 749 929 785 DD.
945 751 982 786 in
997 751 1083 797 Leg·
1102 751 1231 787 Omnes
1252 749 1382 798 Populi
1400 747 1442 796 ffi
1457 746 1634 796 dejustit.
1662 749 1703 789 &⁵
1718 745 1798 796 jur.
1821 769 1834 788 ‚

523 797 710 848 factaque
745 800 799 839 est
830 799 1123 839 Fundatoribus
1155 803 1325 848 potestas
1353 799 1566 838 ordinandi
1591 825 1604 843 ‚
1635 811 1720 849 quae
1750 798 1838 846 ipsis

524 850 784 898 placuerint,
813 862 907 889 cum
935 865 1093 902 :equum
1122 854 1249 892 visum
1280 852 1435 895 fuerit,
1466 860 1509 890 ut
1541 850 1630 899 ipsis
1659 862 1722 889 res
1752 851 1837 888 suas

527 902 568 940 in
601 903 747 941 bonum
777 903 984 951 publicum
1016 903 1318 944 conferentibus
1356 903 1568 944 arbitrium
1602 900 1698 942 effet
1725 928 1737 948 ‚
1780 902 1842 940 le-

523 967 622 1003 ges,
651 966 747 1003 quas
765 955 1003 998 voluerint,
1034 958 1283 1002 adjiciendi,
1317 959 1402 1004 Leg.
1418 956 1602 993 intrudit.
1626 954 1671 1002 ff.
1689 954 1836 1003 depafi.

525 1006 627 1055 Qae
656 1007 681 1044 fi
698 1008 864 1045 honestae
880 1005 1033 1047 fuerint
1052 1035 1064 1053 ,
1082 1010 1271 1060 bonisque
1289 1010 1466 1048 moribus
1482 1020 1559 1046 non
1577 1005 1834 1046 adversantes

528 1058 764 1098 adamussim
780 1059 997 1106 servandae,
1014 1062 1227 1111 saretreque
1246 1062 1406 1100 tuendae
1423 1059 1627 1098 videntur.

474 1110 585 1150 Hinc
616 1123 709 1149 curn
728 1112 766 1149 in
785 1111 969 1159 praesenti
989 1114 1199 1163 quaestione
1231 1115 1363 1159 ampla
1393 1113 1438 1151 fit
1458 1109 1637 1150 conceffia
1653 1109 1830 1148 facultas

524 1162 704 1211 Collegii
734 1163 1014 1211 Superioribus
1044 1175 1133 1204 tum
1154 1167 1191 1203 in
1208 1165 1410 1214 Capitulis
1441 1176 1462 1203 a
1492 1163 1717 1202 Vincentio
1748 1161 1833 1201 daz-³

525 1214 706 1263 Nolphis
720 1216 895 1254 exaratis
914 1242 925 1260 ‚
945 1224 1032 1255 tum
1052 1217 1089 1255 in
1108 1217 1223 1257 Bulla
1239 1216 1457 1257 erectionis
1476 1240 1489 1259 2
1503 1214 1703 1254 statuendi
1719 1214 1836 1263 quid-

527 1266 625 1317 quid
642 1267 689 1306 ad
707 1269 856 1306 ret‘tam
873 1269 1263 1309 administrationem
1278 1294 1290 1313 ‚
1316 1272 1353 1309 St
1371 1267 1725 1309 conservationem
1739 1264 1834 1304 Col-

527 1319 626 1368 legii
658 1319 839 1364 ejusdem
870 1321 1077 1369 expediret
1097 1348 1109 1366 ‚
1139 1322 1448 1368 expendendum
1468 1321 1547 1365 est,
1583 1332 1630 1358 an
1665 1319 1752 1367 ipfis
1784 1318 1837 1356 li-

525 1372 659 1410 bertas
674 1372 803 1411 etiam
821 1372 913 1411 data
929 1374 1140 1412 censeatur
1164 1374 1385 1413 -Lestorum
1404 1384 1618 1412 numerum
1652 1372 1843 1410 minuen-

528 1423 593 1461 di:
611 1423 774 1471 Insuper
792 1436 839 1462 an
856 1424 996 1463 iisdem
1014 1426 1138 1464 liceat
1156 1435 1373 1475 utrumque
1391 1425 1459 1473 Jus
1479 1424 1546 1462 uni
1565 1423 1755 1472 Magistro
1771 1422 1839 1461 do-

527 1474 705 1515 cendum
718 1475 999 1523 committere,
1017 1478 1054 1516 iu
1073 1477 1121 1516 iis
1136 1477 1385 1528 potiffimum
1402 1474 1717 1519 circumstantiis
1733 1499 1745 1520 ,
1764 1474 1836 1515 itta

530 1527 672 1578 quibus
691 1528 1147 1580 Collegium‘reperitur
1160 1562 1169 1571 .
1887 1536 1893 1540 ’

476 1581 577 1620 Haec
605 1580 655 1619 de
670 1580 888 1619 Let‘torum
920 1595 1115 1622 numero.
1147 1585 1370 1622 Decorum
1383 1584 1481 1621 vero
1509 1581 1735 1620 honorariis
1753 1605 1765 1624 ‚
1795 1593 1842 1619 ea

527 1630 608 1670 fuit
625 1632 665 1670 in·
682 1633 781 1677 bene
810 1633 978 1672 moratis
997 1634 1447 1682 Rebuspublicis'prima
1465 1645 1559 1670 cura
1579 1633 1836 1676 Scholarum‚

524 1692 572 1722 ut
598 1681 723 1722 essent
753 1683 963 1734 Magistri,
988 1686 1058 1736 qui
1086 1687 1397 1726 liberalesartes
1425 1684 1648 1728 docerent,
1678 1684 1841 1723 publico

527 1735 612 1774 illis
629 1735 824 1782 stipendio
842 1738 1099 1782 constitutos
1119 1738 1168 1777 de
1199 1751 1278 1789 quo
1303 1739 1328 1775 si
1343 1737 1560 1776 dicendum
1581 1738 1637 1775 est
1653 1737 1807 1785 aliquid
1825 1760 1837 1779 ,

529 1789 596 1826 abs
616 1800 657 1826 re
683 1800 760 1826 non
777 1788 942 1828 videtur
958 1815 970 1834 ‚
1000 1791 1025 1827 fi
1041 1790 1199 1828 dicatur
1216 1816 1228 1835 ‚
1258 1791 1404 1829 decere
1423 1789 1723 1839 quammaxime
1753 1813 1765 1832 ‚
1798 1798 1842 1827 ut

529 1839 766 1879 Studiorum
782 1839 1068 1880 Profefforibus
1091 1843 1230 1880 salaria
1249 1846 1340 1880 'non
1360 1841 1542 1890 vulgaria
1570 1840 1840 1889 assignentur,

530 1900 576 1929 ut
592 1891 767 1930 traditur
786 1893 824 1929 in
842 1895 927 1941 Leg.
945 1897 1041 1931 unic.
1058 1896 1192 1933 Cod.de
1210 1894 1709 1942 Stud.lil1er.,Leg.Medicos
1726 1892 1835 1941 §.fim

529 1944 617 1982 Cod.
639 1946 682 1983 de
702 1945 850 1991 Profeffi
867 1971 879 1988 ‚
912 1951 953 1988 ὧν
969 1948 1071 1984 Med.
1089 1946 1220 1985 lih.11.
1238 1972 1250 1990 ‚
1281 1948 1318 1986 Ξῖ
1348 1947 1385 1984 iu
1403 1958 1515 1985 more
1545 1946 1625 1985 fuit
1641 1972 1652 1991 ‚
1681 1955 1726 1984 ut
1753 1945 1801 1983 iis
1824 1969 1836 1987 ‚

528 1995 653 2045 quiin
676 1994 1014 2036 Univerfitatibus
1041 1998 1327 2047 profiterentur
1345 2024 1357 2043 ‚
1387 1997 1595 2038 mercedes
1612 2024 1624 2043 ,
1651 1999 1716 2037 vel
1736 2010 1755 2035 a
1775 2009 1842 2043 pu-

527 2047 634 2085 blico
654 2048 850 2097 Principis
879 2050 1019 2087 aerario
1040 2077 1051 2094 ‚
1082 2051 1147 2089 vel
1164 2051 1396 2089 Civitatum
1415 2052 1621 2089 attributae
1651 2048 1805 2089 fuerint
1827 2079 1834 2087 .

529 2099 618 2138 Imo
633 2104 672 2137 in
689 2110 762 2150 cap.
774 2115 806 2138 1.
825 2104 869 2138 de
885 2102 1069 2151 Magzstris
1085 2103 1277 2142 statutum
1293 2101 1372 2141 fuit
1389 2128 1400 2148 ‚
1431 2112 1476 2141 ut
1492 2115 1563 2151 per
1578 2113 1837 2152 unamquamn

526 2164 603 2201 que
622 2152 915 2192 Cathedralem
944 2155 1162 2193 Ecclesiam
1183 2155 1403 2204 Magistro,
1434 2155 1503 2205 qui
1520 2154 1703 2193 Clericos
1732 2154 1836 2198 ejus-

526 2204 620 2242 dem
640 2231 651 2249 ‚
677 2205 715 2244 ὃς
734 2204 944 2244 Scholares
962 2218 1153 2254 pauperes
1183 2208 1308 2256 gratis
1329 2207 1539 2246 instrueret
1555 2233 1566 2251 ‚
1596 2214 1834 2253 competens

526 2256 692 2307 aliquod
718 2255 962 2296 Beneficium
995 2260 1268 2304 praeberetur,
1299 2272 1377 2308 quo
1408 2258 1592 2298 docentis
1625 2257 1837 2297 neceffitas

526 2308 804 2347 sublevaretur
827 2335 839 2354 ,
870 2311 906 2348 ὃς
936 2310 1180 2349 discentibus
1216 2310 1280 2349 via
1308 2320 1468 2358 pateret
1495 2310 1543 2349 ad
1567 2308 1795 2347 doctrinam
1827 2341 1836 2349 .

524 2360 607 2399 Cur
622 2369 761 2400 autem
777 2369 892 2400 tanta
920 2362 959 2399 in
978 2364 1052 2401 hoc
1085 2362 1210 2402 fuerit
1228 2362 1466 2400 sollicitudo
1484 2385 1496 2403 ‚
1526 2363 1582 2399 hae
1611 2363 1735 2400 causae
1767 2363 1838 2401 ad—

524 2412 621 2451 duci
653 2412 758 2461 posse
785 2413 977 2452 videntur
1005 2439 1017 2459 ‚
1064 2415 1168 2464 quod
1196 2414 1341 2460 nempe
1382 2414 1418 2452 &
1453 2414 1652 2452 laboribus
1683 2426 1837 2453 merces

522 2463 721 2505 debeatur
739 2491 752 2511 ‚
780 2466 818 2505 ὅ(
845 2466 1053 2512 praemium
1085 2476 1191 2505 artes
1220 2465 1373 2504 nutriat
1392 2490 1403 2509 ‚
1434 2466 1471 2503 Sc
1493 2464 1834 2505 Adolescentium

524 2514 725 2556 norrores
744 2519 790 2556 ad
808 2518 981 2567 gloriosa
1000 2518 1125 2557 studia
1147 2516 1456 2557 commodorum
1486 2519 1745 2566 augumentis
1764 2519 1836 2557 sint

530 2570 780 2612 provocandi
799 2599 808 2608 .
1554 2590 1555 2593 ¹

474 2613 708 2656 Videndum
737 2621 863 2669 igitur
894 2622 997 2666 erit,
1028 2634 1075 2661 an
1096 2621 1365 2660 Alumnorum
1394 2620 1572 2659 utilitati
1602 2621 1804 2661 officiatur
1824 2649 1835 2666 ‚

523 2668 552 2706 {x
568 2667 784 2725 Len-‘torum
804 2674 1029 2712 imminutis
1053 2672 1256 2722 stipendiis
1273 2696 1286 2715 ,
1313 2674 1363 2710 ob
1393 2673 1554 2711 istorum
1586 2674 1835 2713 tenuitatem

527 2718 616 2759 vin
634 2720 770 2761 idonei
784 2736 861 2762 non
879 2725 1137 2766 inveniantur
1153 2751 1165 2772 ‚
1196 2724 1265 2776 qui
1279 2724 1541 2765 laudabiliter
1558 2752 1569 2771 ,
1588 2727 1626 2765 &c
1645 2736 1736 2764 cum
1758 2726 1837 2763 Ad-

1780 2777 1840 2814 di*
