1932 2952
630 165 692 202 24.
712 152 891 204 Januarit'
911 154 1022 198 1767.
1461 168 1514 199 n

184 206 302 245 clefia
320 206 355 244 S.
370 204 571 245 Leonardi
588 232 599 250 ‚
612 207 791 255 onusque
810 206 1005 244 haberent
1022 203 1139 242 illam
1157 228 1169 248 ‚
1189 204 1226 244 Sc
1243 206 1366 244 aliam
1382 206 1513 246 adne-

184 270 276 299 xam
295 259 331 297 5.
351 258 492 297 Severi
514 284 526 303 ,
541 257 844 307 sacrariumque
878 256 1171 296 manutenendi
1191 281 1203 300 ‚
1235 259 1398 309 aliaque
1421 272 1516 310 pro-

185 310 382 354 videndi,
403 320 521 358 prout
539 321 633 358 erga
652 309 878 349 Matricem
896 310 1117 348 Ecclesiam
1135 319 1331 348 tenentur
1349 340 1359 350 .

138 361 362 402 immature
380 372 518 402 autem
533 362 727 401 defuneto
747 363 937 412 praedisto
955 362 1168 400 Francisco
1189 362 1415 401 Amaducci
1436 362 1512 403 Pa·

186 417 312 453 rocho
334 416 370 455 S.
390 415 623 460 Leonardi‘,
653 415 812 454 easdem
831 428 970 463 preces
1001 427 1105 453 nuuc
1137 424 1306 454 renovat
1321 415 1514 454 Oecono-

186 479 275 506 mus
298 468 445 507 Mensae
464 466 711 515 Episcopalis
731 494 743 512 ,
773 469 1037 517 exhibitoque
1070 467 1259 506 consensu
1291 476 1377 506 tam
1395 467 1519 516 Capi-

190 519 271 557 tuli
290 519 472 558 Ecclefiae
489 519 748 560 Cathedralis
765 544 778 564 ,
811 533 927 570 quam
946 520 1293 560 parochianorum
1326 519 1517 558 Ecclesia:

185 572 377 610 Matricis
395 596 407 614 ‚
438 572 475 610 ὃς
493 573 665 612 alterius
683 573 720 611 S.
739 573 940 611 Leonardi
959 599 971 618 ‚
1001 572 1181 623 datoque
1210 571 1384 611 ulterius
1417 573 1521 610 statu

186 623 324 663 astivo
337 650 350 668 ‚
380 624 418 662 ἃ
435 623 584 671 passivo
599 625 809 674 utriusque
827 625 1009 665 Ecclefioe
1029 651 1040 670 ‚
1071 633 1299 675 propugnat
1317 649 1330 667 ‚
1361 636 1521 673 permu-

188 676 392 714 tationem
419 678 519 715 hanc
557 686 646 715 tum
678 677 778 721 juris
809 677 1071 725 dispofitione
1092 704 1104 722 ‚
1135 686 1223 715 tum
1255 676 1404 715 assueta
1423 676 1510 715 Sac.

189 730 308 772 hujus
325 726 666 777 congregationis
683 729 938 778 benignitate
955 727 1032 768 esse
1054 730 1306 778 largiendam
1325 759 1333 767 .

135 778 529 824 Afferit,Ecc1efiam
550 781 709 820 S.Petri
728 781 804 821 esse
823 783 859 819 in
877 782 1068 820 nobiliori
1085 781 1235 829 Oppidi
1254 790 1368 828 parte
1387 781 1518 818 sitam:

189 832 463 881 Ot‘tingentos
484 834 521 872 Sc
537 834 646 872 ultra
666 832 938 873 Paroc'nianos
956 861 968 879 ‚
987 836 1023 873 Sc
1039 833 1205 883 quidem
1237 833 1436 870 cultiores
1452 831 1521 868 sub

185 884 225 922 se
243 885 417 923 habere:
447 885 670 926 Matricem
701 886 778 926 effe
799 913 810 932 ‚
841 900 886 926 ac
920 888 1124 934 plebalem
1166 884 1345 933 plurium
1378 883 1524 921 Eccle-

185 937 329 975 fiarum
349 963 361 982 ‚
392 939 430 976 Sc
460 939 659 988 signanter
688 940 874 980 Ecclefiae
905 940 940 978 S.
963 937 1195 979 Leonardi:
1225 936 1344 974 lllius
1373 934 1523 973 Refto-

185 1000 274 1027 rem
290 989 518 1040 antiquitus
537 992 901 1040 Archipresbyteri
932 993 1060 1030 titulo
1079 990 1326 1038 decoratum
1347 985 1521 1026 fuiffeo:

184 1040 416 1080 Maximum
451 1043 527 1082 esse
559 1045 606 1083 ad
636 1045 750 1084 illam
781 1045 920 1095 populi
939 1043 1209 1097 concursum,
1241 1053 1287 1080 ac
1315 1037 1521 1099 frequen}-

183 1093 285 1132 tiam
304 1106 320 1145 :v
345 1094 439 1133 Non
466 1105 551 1134 tam
584 1096 680 1135 ideo
698 1098 1035 1137 decoriEcclefiae
1065 1121 1078 1140 ‚
1109 1106 1231 1147 quam
1259 1102 1517 1149 animarum?

181 1158 288 1184 curae
305 1171 318 1190 ‚
349 1148 386 1186 ὃς
406 1148 530 1187 saluti
548 1150 805 1199 summopere
822 1150 1012 1197 expedire
1030 1174 1043 1193 ,
1074 1157 1118 1188 ut
1148 1146 1341 1197 antiquus
1369 1143 1519 1182 Arcln-

184 1200 493 1248 presbyteratus
512 1202 660 1240 titulus
677 1203 812 1241 eidem
830 1204 1064 1242 restituatur
1084 1226 1097 1245 ,
1127 1211 1253 1251 utque
1272 1212 1351 1237 non
1367 1209 1387 1235 a
1408 1197 1517 1236 Mer-

185 1252 350 1290 cenario
366 1251 619 1301 Cappellano
638 1281 650 1299 ,
682 1255 748 1294 sed
783 1268 804 1293 a
833 1264 1034 1303 perpetuo
1053 1252 1428 1301 Archipresbvtero
1462 1261 1524 1287 re·-

185 1312 306 1354 gatur
324 1334 332 1343 .
363 1307 459 1342 Rota
485 1309 524 1345 in
539 1306 701 1346 Romana
718 1308 828 1358 ‘Juris
846 1309 1063 1358 baptizandi
1080 1306 1192 1355 decas.
1215 1319 1304 1354 ²99·
1336 1315 1434 1341 num.
1459 1315 1520 1350 19.

187 1371 256 1395 cor.
273 1359 473 1404 Crescentio
492 1389 501 1398 .
1466 1405 1469 1407 q

133 1409 358 1451 Ecclefiam
374 1423 473 1449 vero
492 1412 529 1451 S.
549 1411 751 1452 Leonardi
767 1411 806 1450 in
828 1411 1067 1461 ignobiliori
1085 1410 1244 1458 Oppidi
1265 1415 1384 1455 parte
1405 1407 1523 1444 fitam

187 1459 294 1501 esse:
325 1461 506 1500 Tantum
520 1465 747 1503 biscentum
776 1464 982 1511 sexaginta
1012 1464 1170 1510 septem
1198 1459 1414 1507 Agricolas
1433 1483 1444 1501 ‚
1478 1458 1516 1496 Sc

186 1513 277 1552 istos
291 1526 420 1563 neque
436 1516 633 1554 habentes
648 1515 784 1553 stabile
803 1513 1065 1552 domicilium
1082 1513 1148 1551 sub
1167 1512 1204 1548 se
1222 1511 1368 1548 habere
1386 1521 1395 1546 :
1425 1509 1520 1546 Ma-

187 1565 281 1603 trici
309 1565 496 1602 Ecclefiae
525 1566 562 1603 S.
581 1565 694 1603 Petri
721 1566 937 1608 subjectam
971 1561 1049 1601 effe
1080 1593 1089 1603 .
1123 1563 1398 1610 incongruum
1417 1561 1515 1600 hinc

178 1627 262 1655 'non
277 1613 355 1655 effe
372 1642 383 1661 ‚
414 1624 459 1654 ut
478 1627 547 1664 per
563 1616 806 1656 amovibiles
828 1614 1102 1664 Cappellanos
1121 1613 1297 1652 Curatos
1320 1620 1486 1661 regatur
1509 1637 1524 1656 ‚

185 1677 308 1717 prout
327 1667 465 1717 paffim
484 1670 641 1708 rurales
659 1669 844 1708 Ecclefiae
876 1675 1073 1716 reguntur
1097 1677 1108 1707 t
1139 1666 1274 1704 Immo
1305 1665 1522 1702 absurdum

185 1720 346 1766 videri,
374 1719 482 1770 quod
510 1721 631 1760 filiali
663 1721 849 1759 Ecclesiae
877 1717 1124 1767 praeficiatur
1157 1725 1380 1767 perpetuus
1398 1716 1525 1773 Paro-2

185 1775 314 1812 chuss
343 1772 530 1814 Ecclefiae
563 1786 663 1814 vero
683 1770 1145 1821 MatriciCappellanus
1164 1779 1331 1810 tantum
1361 1780 1522 1808 arnovi-

185 1825 279 1863 bilis
296 1824 523 1872 deputetur
541 1856 550 1866 .

136 1877 320 1917 Petitam
341 1877 495 1916 idcirco
509 1878 865 1926 permutationem
882 1873 1079 1915 ceffuram
1096 1874 1173 1916 esse
1202 1874 1242 1912 in
1264 1873 1517 1931 maximum-a

188 1930 488 1969 diviniCultus
515 1931 819 1971 incrementum
846 1955 859 1974 ,
889 1941 935 1968 ac
969 1928 1227 1977 spiritualem
1260 1936 1521 1982 animarum.»

187 1980 435 2031 progreffum
454 2007 466 2026 ‚
499 1996 656 2023 necnon
671 1984 712 2023 in
729 1982 970 2023 evidentem
986 2006 999 2026 ,
1029 1992 1075 2018 ac
1108 1977 1521 2019 honorificentiorem

190 2033 376 2083 Oppidi,
405 2035 570 2085 ejusque
599 2037 828 2076 incolarum
852 2032 1087 2073 utilitatem
1115 2047 1131 2073 ³·
1162 2030 1359 2081 omnique
1390 2030 1529 2087 proin*

186 2087 237 2125 de
263 2088 353 2131 jure
392 2084 469 2126 effe
500 2089 820 2136 permittendam
847 2111 860 2132 ‚
890 2084 1116 2124 accedente
1149 2083 1325 2122 maxime
1375 2083 1527 2132 plenis-

184 2139 283 2177 fimo
314 2138 506 2178 consensu
536 2149 627 2179 tum
643 2140 830 2188 Capituli
861 2137 1049 2176 Ecclefiae
1076 2136 1339 2176 Cathedralis
1358 2162 1371 2181 ‚
1405 2143 1525 2191 tum-2

187 2191 532 2230 Parochianorum
560 2191 750 2233 intereffe
789 2190 1027 2232 habentium
1055 2214 1069 2235 ‚
1110 2198 1198 2228 tum
1230 2187 1399 2228 demum
1427 2187 1528 2235 Epi-

191 2244 256 2282 sco
289 2243 324 2282 i.

137 2255 317 2338 Nullupm
334 2295 492 2334 moveri
509 2293 613 2344 posse
631 2296 798 2336 dubium
816 2292 949 2347 quoad
966 2292 1286 2334 translationem
1301 2315 1314 2334 ‚
1346 2291 1412 2346 seu
1428 2301 1523 2337 pcr-

189 2348 469 2388 mutationem
496 2347 706 2387 redituum
739 2373 752 2392 ‚
785 2349 822 2388 &
851 2348 1049 2385 bonorum
1079 2371 1093 2391 ‚
1124 2345 1219 2394 quia
1249 2352 1426 2397 retenti-s
1448 2351 1521 2397 per

189 2401 363 2450 fingulas
382 2400 579 2440 Ecclefias
594 2399 827 2447 respet‘tivis
843 2399 1123 2444 adjacentibus
1143 2396 1256 2435 bonis
1281 2421 1294 2439 ,
1316 2395 1521 2450 decimis,

190 2452 510 2500 praeemineiitiis
528 2478 540 2497 ‚
572 2453 609 2492 ὃς
626 2451 886 2490 Parochiauis
907 2475 920 2494 ‚
953 2449 1173 2490 translatio
1192 2449 1231 2486 in
1248 2446 1419 2502 reliquis
1438 2468 1451 2488 ‚
1471 2455 1523 2482 ac

190 2504 442 2553 permutatio
459 2516 652 2554 congrua,
671 2504 845 2548 utilis,&
861 2504 1170 2551 proportionata
1188 2500 1267 2538 est:
1298 2498 1422 2547 idque
1442 2507 1527 2534 ma-

190 2556 299 2594 xime
316 2556 472 2602 probari
487 2557 644 2602 judicio
662 2555 878 2604 Episcopi,
910 2566 930 2593 a
944 2567 1023 2603 quo
1042 2549 1321 2592 recedendum
1340 2550 1491 2587 nonest
1512 2576 1522 2586 .,

193 2610 278 2655 Cap.
296 2610 366 2645 Ad
380 2611 605 2647 audientiam
621 2611 666 2647 de
681 2609 779 2648 Eccl.
800 2606 897 2653 aedifi
1477 2650 1484 2658 .

140 2660 363 2709 Episcopus
384 2660 422 2697 iu
456 2661 522 2699 sua
548 2662 751 2702 relatione
769 2661 876 2699 inter
892 2654 1308 2697 coeterahaechabet:
1339 2669 1365 2689 z
1398 2652 1525 2712 szor

196 2716 321 2764 quippe
338 2713 413 2753 Dei
428 2713 542 2752 cultus
560 2739 574 2760 ,
603 2715 837 2764 &salubrius
864 2715 1066 2752 animarum
1093 2712 1253 2761 regimen
1270 2707 1491 2746 obtinebam
1505 2727 1519 2746 ς

1426 2757 1458 2806 fi
1478 2758 1531 2794 eie-
