2013 2968
661 222 724 251 30.
743 211 812 246 Ma
826 207 847 246 'i
868 214 981 255 1767.
1399 220 1468 255 91>

162 258 376 304 URGEN.
436 260 580 299 Petrus
600 223 889 300 Gonzalerldel
911 263 986 300 Rio
1002 258 1195 299 oriundus
1216 269 1261 297 ex
1280 258 1450 307 Oppido
1517 256 1689 302 Sesnu.
1708 259 1828 305 cap.8.

175 315 413 364 Valgagnon
429 339 441 358 ‚
469 313 575 364 quod
592 314 644 352 est
662 313 703 351 in
721 313 907 363 Burgenfi
925 314 1098 352 Dioecefi
1114 336 1127 355 ‚
1157 312 1196 349 in
1228 312 1297 351 suo
1313 310 1452 351 Testa·
1490 310 1537 348 de
1551 310 1714 356 Reform„

123 377 268 409 mento
304 365 589 415 Capellaniam
616 365 791 404 instituit
825 380 919 405 curn
949 366 1046 405 dote
1079 365 1322 403 ducatorum
1352 376 1450 412 qua-

124 433 220 461 tuor
238 419 448 458 milliums
479 418 731 462 Majoratum
764 418 802 456 in
824 419 948 457 certis
978 417 1090 456 bonis
1118 417 1246 455 erexit
1278 415 1447 456 favore-2

128 473 344 521 Nepotum
382 482 426 510 ex
446 469 612 509 Fratre3
641 469 683 508 in
714 470 828 510 bonis
857 470 1028 521 reliquis
1058 469 1262 508 haeredem
1294 469 1449 514 scripsit

128 526 302 564 Mariam
323 522 548 571 Velasquez
566 521 747 562 Uxorem
766 548 778 567 ‚
809 525 1018 573 postcujus
1037 522 1196 561 obitum
1215 520 1345 559 edixit
1361 546 1374 564 ‚
1404 528 1452 558 ut

129 578 270 619 eadem
301 576 458 624 reliqua
486 576 588 614 bona
617 576 922 624 deponerentur
951 587 1074 625 penes
1091 576 1178 619 ejus
1206 572 1455 620 Consangui-

130 641 224 670 neos
242 626 487 668 investienda
504 627 542 664 in
558 628 805 674 capitalibus
823 627 1060 676 frugiferis5
1087 636 1135 665 ut
1160 638 1254 663 cum
1282 625 1450 663 illorum

130 684 265 723 reditu
305 681 337 730 st
352 681 463 717 dehha
483 681 571 717 dare
589 681 684 730 stato
712 679 785 717 alle
796 691 926 730 pavere
942 681 1084 726 Orsane
1116 678 1214 715 della
1230 680 1302 715 mia
1318 679 1448 715 Fami-

123 735 205 786 glia
224 759 237 777 ‚
267 734 383 771 dando
398 746 419 769 a
435 733 754 781 ciaschedtmafino
785 747 805 770 a
819 744 916 770 cento
935 733 1061 769 ducati
1078 743 1088 770 t
1119 730 1197 769 Ubi
1230 741 1306 768 non
1334 738 1449 768 exta-

128 796 217 828 rent
235 786 384 826 Puellae
400 785 716 834 Consanguinea:
744 793 927 832 nupturae
946 809 959 827 ‚
987 784 1116 822 edixit
1132 808 1143 825 ‚
1172 789 1216 819 ut
1237 782 1367 820 dietus
1383 794 1450 820 re·-

127 841 238 879 ditus
256 847 495 887 erogaretur
512 841 551 875 in
566 837 752 887 darestato
782 835 857 874 alle
871 848 1002 886 pavere
1018 835 1161 879 Orfane
1179 833 1276 869 della
1293 836 1444 870 Terra-2

127 894 169 930 di
187 889 397 940 Valgagnon
413 920 422 929 .
438 890 574 935 Hujus
590 898 728 928 autem
749 891 809 929 Pii
827 888 979 940 Operis
998 887 1133 925 voluit
1149 885 1228 924 elle
1249 885 1447 923 Patronos

130 952 351 993 perpetuos
371 941 399 981 il
418 946 485 980 mio
500 945 618 981 Erede
637 968 647 986 ,
677 945 717 979 in
730 947 789 981 cui
802 943 969 983 rit-ademi
986 939 1173 986 ilsudetto
1191 937 1344 975 Vincolo
1364 961 1374 979 ‚
1395 952 1448 974 ω

132 995 399 1048 Maggiorasw,
416 996 445 1033 il
455 997 589 1052 Signo-r
603 998 750 1043 Curato,
766 997 812 1034 ed
827 997 857 1034 il
869 994 1088 1046 Beneficium
1097 993 1163 1042 pit>
1180 993 1296 1032 antico
1315 989 1450 1027 della.»

137 1051 250 1088 Terra
267 1051 304 1086 di
327 1049 542 1099 Ualg-agnon
562 1079 572 1089 .

80 1103 214 1142 Maria
230 1100 356 1146 Uxor,
375 1116 462 1153 quae
480 1102 674 1142 secundas
691 1104 823 1152 postea
841 1101 1047 1142 contraxit
1065 1100 1226 1147 nubtias
1246 1109 1338 1136 cum
1356 1095 1452 1132 Am-

129 1154 254 1193 brosio
275 1155 484 1195 Andreani
500 1182 512 1200 ‚
531 1155 700 1195 deceffit
718 1169 819 1195 anno
842 1160 956 1202 1738.
979 1178 991 1196 ‚
1014 1154 1195 1194 susceuta
1215 1163 1262 1191 ex
1278 1148 1455 1188 secundo

131 1207 237 1248 Viro
252 1208 423 1247 Barbara
439 1217 563 1255 nupta
584 1208 810 1249 Vincentio
824 1209 871 1247 de
893 1207 1054 1255 lruegas
1072 1206 1247 1252 Bai-cena
1266 1232 1275 1242 .
1311 1202 1460 1240 Instan-

132 1260 240 1298 tibus
272 1260 365 1300 hinc
381 1260 613 1308 Nepotibus
630 1260 851 1301 Testatoris
871 1272 942 1308 pro
959 1257 1185 1306 OperisPu
1212 1257 1459 1303 implemen-

131 1319 179 1350 to
198 1338 210 1356 ‚
239 1312 442 1363 Conjuges
458 1312 506 1351 de
525 1312 687 1359 Iruegas
702 1326 805 1352 anno
828 1327 956 1361 1742·³
973 1311 1146 1351 nublicis
1173 1307 1372 1349 conse-&is
1396 1315 1461 1345 ta-

133 1364 470 1411 bulis‚restituere
485 1366 756 1414 promiserunt
770 1365 1006 1405 Nenotibus
1024 1364 1133 1402 Petri
1149 1360 1373 1402 Testatoris
1388 1371 1460 1407 pro

133 1414 262 1455 fundo
290 1419 390 1457 dieti
412 1418 564 1466 Operis
586 1417 646 1456 Pii
666 1419 861 1457 summam
880 1419 1122 1458 ducatorum
1149 1412 1459 1455 Velionenfium

137 1474 281 1516 39476.
304 1482 335 1513 5.
360 1483 420 1507 12.
439 1494 451 1512 ‚
470 1470 536 1507 seu
553 1471 758 1508 scutorum
776 1470 1048 1508 Romanorum
1070 1481 1166 1510 2171
1181 1480 1210 1504 1.
1230 1489 1242 1508 ‚
1279 1474 1460 1502 conven-

135 1520 190 1559 tis
211 1521 378 1560 interim
394 1521 518 1558 usuris
535 1520 825 1570 quadrantibus
844 1547 855 1564 ‚
886 1531 1032 1566 nempe
1052 1519 1295 1556 ducatorum
1312 1514 1459 1553 Velio-

140 1573 318 1611 nenfium
342 1589 355 1612 1
371 1578 474 1619 184.‚
489 1573 553 1610 seu
568 1572 778 1610 scutorum
799 1573 1074 1610 Romanorum
1093 1576 1138 1611 65
1152 1582 1252 1611 1.33.

86 1625 245 1665 Verum
265 1624 459 1663 defuncto
478 1623 689 1662 Ambrosio
709 1623 916 1663 Andreani
934 1634 1010 1659 non
1031 1632 1168 1667 narum
1185 1621 1353 1659 oberato
1369 1646 1381 1664 ,
1412 1631 1458 1656 ac

136 1675 288 1715 indicto
307 1677 344 1714 in
362 1677 448 1721 ejus
464 1675 578 1714 bonis
597 1673 861 1715 Creditorum
881 1673 1085 1712 Concursu
1108 1700 1119 1717 ‚
1150 1674 1198 1712 ad
1213 1672 1461 1720 parandam..

133 1729 385 1767 solutIOnem
405 1727 593 1771 capitalis
610 1754 621 1769 ,
651 1730 688 1767 ὃς
705 1727 910 1765 ἔνυόὶιηιῑτι
941 1727 1068 1771 Operi
1091 1725 1160 1763 Pio
1193 1725 1428 1764 debitorum
1448 1749 1462 1769 ,

135 1781 306 1820 decreta
322 1779 400 1818 fuit
420 1780 659 1818 subhastatio
676 1781 891 1828 pignorum
911 1787 1128 1823 cautorum
1147 1805 1159 1822 ‚
1177 1777 1383 1817 commiffa
1403 1778 1465 1816 in-

136 1833 260 1873 terim
280 1834 449 1872 illorum
465 1832 815 1872 administratione
836 1832 1004 1880 Josenho
1021 1832 1207 1870 Gonzalo
1227 1857 1236 1875 ‚
1263 1831 1300 1870 ὃς
1333 1830 1433 1869 Soto
1450 1855 1465 1874 ‚

139 1898 272 1936 eoque
297 1885 390 1925 inde
406 1883 617 1931 defuneto,
632 1885 762 1924 Fratri
782 1886 997 1925 Advocato
1013 1884 1157 1935 joanni
1177 1883 1363 1922 Gonzalo
1380 1882 1464 1921 Te-

137 1938 296 1977 statoris
319 1937 555 1988 Nepotibus
573 1968 582 1977 .

90 1993 238 2034 Preces
257 1990 409 2029 obtulit
429 1991 597 2029 Summo
615 1990 804 2030 Pontifici
825 1990 1174 2032 idemAdvocatus
1191 1988 1363 2039 Joannes
1382 1987 1467 2025 Λᾶ-

143 2043 390 2081 ministrator
410 2041 630 2092 Pignorum
649 2046 902 2091 {captorunn
930 2052 974 2082 ut
1002 2045 1051 2081 ob
1078 2043 1269 2091 exiguum
1302 2040 1469 2080 Puella-

144 2106 234 2135 rum
252 2094 540 2143 Orphanarutn
560 2107 775 2135 numerum
796 2096 996 2146 augendas
1023 2096 1183 2140 juberet
1206 2095 1372 2133 illarum
1398 2092 1473 2131 do-

143 2155 208 2187 tes
229 2172 240 2191 ‚
273 2147 462 2196 tradique
481 2147 586 2194 posse
618 2148 865 2188 concederet
880 2148 1036 2187 Puellis
1057 2148 1264 2188 Ornhanis
1294 2146 1473 2185 Consan-

144 2199 304 2249 guineis
324 2199 614 2238 monachandis
642 2200 786 2239 ducata
816 2207 936 2240 600.‚·
967 2200 1151 2248 nupturis
1170 2201 1206 2238 in
1223 2199 1369 2238 saeculo
1399 2198 1474 2235 du-

147 2260 240 2290 cata
257 2264 349 2299 400.
366 2266 379 2292 ,·
409 2251 613 2290 extraneis
633 2264 732 2289 vero
747 2254 897 2292 ducata
918 2268 1009 2291 200.
1027 2264 1036 2290 :
1066 2262 1111 2291 ut
1132 2252 1260 2290 rursus
1296 2247 1474 2288 conferri

149 2301 277 2350 posset
297 2304 510 2343 subsidium
530 2315 711 2341 annuum
730 2305 974 2345 ducatorum
996 2317 1057 2348 50·
1076 2306 1228 2344 duabus
1251 2299 1475 2341 Testatoris

150 2353 356 2401 Neptibus
384 2357 574 2404 orphanis
599 2356 876 2403 ‘tyrocinium
908 2357 946 2394 in
983 2357 1200 2406 Religione
1231 2353 1474 2394 obeuntibus

152 2406 259 2444 ultra
277 2408 416 2447 dotem
436 2407 682 2447 ducatorum
701 2413 792 2445 600.
810 2432 821 2450 ‚
850 2408 887 2445 Sc
907 2408 1036 2448 fimile
1054 2419 1231 2447 annuum
1263 2403 1479 2443 subsidium

151 2457 273 2498 alteri
288 2458 419 2506 Nept‘i
435 2461 518 2505 jam
549 2457 726 2509 profeffae
743 2486 754 2504 ‚
775 2460 812 2498 ὃς
830 2457 996 2497 'infirmae
1018 2473 1026 2496 ε
1058 2470 1103 2499 ut
1122 2467 1318 2508 prseterea
1338 2456 1479 2494 secuto

151 2511 422 2565 harumobitu
445 2537 458 2556 ,
493 2512 649 2562 integra
681 2515 764 2550 haec
778 2510 954 2548 Subfidia
972 2513 1256 2550 accrescerent
1276 2508 1393 2547 tenui
1409 2506 1483 2545 Ca·-

151 2563 338 2613 pellamae
367 2574 387 2600 a
402 2561 612 2603 Testatore
648 2564 865 2603 institutae:
900 2561 1087 2600 Ulterius
1106 2590 1118 2607 ,
1136 2571 1182 2600 ut
1200 2560 1483 2600 deficientibus

153 2614 364 2661 orphanis
398 2616 552 2663 erogari
573 2614 729 2663 possent
748 2614 926 2654 Subfidia
947 2615 1190 2653 ducatorum
1207 2625 1293 2652 200.
1311 2612 1348 2650 in
1366 2613 1483 2652 bene·-

149 2666 293 2704 ficium
313 2675 554 2705 caeterarum
573 2667 809 2707 Puellarum
841 2667 1233 2715 consanguinearum
1252 2691 1264 2709 ‚
1295 2664 1333 2703 &
1363 2665 1486 2702 duca-

157 2726 296 2756 torum
319 2733 401 2756 100.
434 2718 472 2755 in
489 2717 649 2757 Puellas
684 2734 760 2758 non
777 2719 1121 2767 consanguineas,
1155 2717 1213 2758 Ut
1242 2716 1401 2764 insuper
1438 2726 1486 2753 ex

155 2770 509 2818 superextantibus
528 2772 713 2814 pecuniis
730 2772 1027 2821 affiguarentur
1057 2783 1187 2810 annua
1217 2769 1365 2808 ducata
1402 2782 1487 2804 100.

263 2823 558 2861 TomXXXVL
897 2823 938 2860 M
972 2837 988 2859 2
1414 2818 1490 2857 Ec-
