1975 2984
516 175 571 222 45
950 187 1010 219 27.
1028 171 1223 212 Fehstxarit‘
1240 176 1355 220 1768.
1692 210 1701 213 „

520 234 611 265 tum
640 226 689 266 de
706 222 999 273 significatione
1026 226 1152 264 animi
1172 226 1330 266 incerta
1345 250 1358 270 ‚
1387 224 1559 264 &dubia
1589 227 1699 264 circa
1714 226 1838 274 ipsam

520 277 776 318 substantiam
792 274 1073 316 fundationis:
1101 277 1208 317 Satis
1226 277 1381 318 idcirco
1395 275 1472 316 esse
1491 302 1505 322 ‚
1533 285 1578 317 ut
1614 278 1715 316 bona
1743 290 1842 316 con-

520 340 736 370 vertantur
755 328 793 365 in
812 339 906 365 cum
922 328 1034 367 usum
1052 356 1065 375 ‚
1097 329 1165 380 qui
1181 330 1325 369 divino
1340 329 1472 368 cultui
1490 329 1616 378 magis
1648 329 1840 377 expedire

520 383 710 422 videatur
728 392 738 418 ε
766 378 980 419 Coeterum
999 381 1161 421 eosdem
1182 395 1259 421 non
1280 393 1452 422 renuere
1466 381 1838 428 adimplementum

520 436 708 483 Operum
725 431 885 481 piorum
903 432 941 471 in
960 442 1191 473 memorato
1221 432 1323 473 folio
1341 432 1662 483 defignatorum:
1690 433 1837 472 Petere

517 495 678 526 tantum
700 508 714 528 ,
742 493 789 523 ut
818 484 880 523 eis
909 485 1035 524 liceat
1060 487 1242 527 adimere
1270 487 1317 525 ab
1331 484 1482 524 eisdem
1500 485 1703 534 Operibus
1717 497 1838 536 quar·

517 548 600 578 tam
617 545 772 586 partem
789 535 1041 576 haereditatis
1058 538 1183 579 tribus
1201 538 1397 578 mensibus
1413 539 1677 577 vacationum
1700 561 1713 582 ‚
1745 537 1836 587 qui-

515 592 586 630 bus
616 589 695 628 frui
723 588 854 628 solent
871 588 1069 629 Canonici
1087 615 1101 635 ‚
1130 591 1167 629 δε
1183 590 1368 630 eamdem
1386 598 1573 644 quartam
1592 599 1750 638 partem
1771 599 1837 636 ap-

513 640 669 693 plicare
697 640 1042 680 distributionibus
1072 641 1111 680 in
1127 641 1247 683 Pestis
1277 641 1587 683 solemnioribus
1618 641 1750 680 totius
1768 652 1839 680 an·

512 696 584 734 ni:
614 695 730 734 Hanc
759 705 858 732 vero
879 693 1128 743 petitionem
1158 696 1196 735 St
1212 694 1289 735 niti
1305 696 1466 734 summae
1482 693 1667 745 aequitati
1684 719 1697 739 ‚
1714 693 1752 732 δε
1769 705 1833 732 re-

509 749 600 792 dire
630 746 668 785 in
700 758 892 795 magnum
922 745 1051 784 divini
1079 746 1215 788 cultus
1234 747 1533 786 incrementum
1550 772 1562 792 ‚
1591 745 1629 785 ὃς
1647 744 1686 784 in
1703 746 1834 791 majo-

511 811 598 839 rem
620 799 803 838 Ecclesiae
820 799 1010 837 decorem
1029 829 1039 839 .

464 851 746 901 ffiquifiimum
763 848 843 889 esse
857 852 969 896 ajunt
987 878 999 896 ‚
1030 860 1074 890 ut
1089 850 1307 890 Canonicis
1335 851 1504 891 illaesum
1533 857 1743 890 remaneat
1769 850 1833 889 in-

512 904 679 943 dultum
712 902 940 941 vacationis
968 915 987 941 a
1014 902 1150 943 Chore
1179 904 1227 942 ad
1257 913 1341 943 tres
1372 904 1526 943 menses
1554 903 1632 941 fine
1643 903 1831 948 jutura,

512 955 890 996 emolumentorum
909 980 922 998 ‚
953 968 1073 1004 quum
1088 955 1245 1005 fragilis
1263 956 1473 995 hominum
1492 963 1635 994 natura
1664 966 1740 992 non
1761 965 1839 1000 pa·-

509 1008 642 1047 tiatur
659 1032 673 1051 ,
700 1006 930 1045 Canonicos
949 1008 1109 1056 fingulis
1123 1006 1264 1046 diebus
1281 1009 1425 1057 absque
1441 1009 1522 1046 ulla
1548 1005 1799 1046 relaxatione
1814 1029 1829 1049 ‚

509 1060 550 1100 &
565 1059 706 1109 quiete
725 1057 893 1097 assistere
913 1057 1060 1098 debere
1075 1059 1259 1097 omnibus
1279 1059 1362 1097 illis
1380 1058 1527 1098 officiis
1547 1083 1560 1102 ,
1590 1070 1677 1108 quae
1709 1057 1747 1096 in
1765 1057 1829 1096 di-

508 1112 576 1151 sto
595 1110 713 1149 Folio
733 1111 822 1148 sunt
838 1109 1013 1156 expressa
1030 1136 1042 1156 ‚
1072 1111 1247 1150 maxime
1275 1123 1397 1162 quum
1418 1109 1605 1150 nonnulli
1637 1109 1676 1147 in
1690 1109 1827 1148 vastis-

505 1165 603 1203 fima
619 1161 832 1254 Ifieodienfi
848 1160 1033 1202 civitate
1052 1162 1120 1202 hic
1136 1163 1223 1202 illie
1242 1173 1448 1204 morantes
1480 1165 1600 1211 longe
1615 1161 1761 1201 distent
1778 1162 1828 1200 ab

504 1215 628 1255 Eccle
662 1226 703 1256 a.

455 1267 607 1310 Redire
621 1277 721 1305 vero
733 1266 886 1306 dietam
916 1267 1222 1315 ademptionem
1241 1294 1253 1313 ‚
1281 1269 1319 1309 8<
1347 1268 1614 1317 respet‘tivam
1640 1266 1823 1313 applica-

504 1318 665 1359 tionem
698 1319 738 1356 in
756 1319 954 1364 majorem
974 1319 1159 1359 Ecclefiae
1173 1320 1365 1360 decorem
1385 1346 1397 1365 ‚
1427 1320 1465 1360 8<
1497 1320 1535 1359 in
1553 1327 1823 1366 augmentum

504 1369 638 1409 divini
654 1370 791 1412 cultus
806 1384 821 1410 ‚·
851 1383 942 1409 nam
973 1384 1021 1410 eo
1037 1380 1365 1421 temperamento
1378 1371 1425 1410 fit
1439 1397 1452 1416 ‚
1479 1379 1525 1410 ut
1553 1370 1620 1421 qui
1637 1368 1825 1419 trequen-

502 1423 632 1462 tiores
650 1421 838 1463 intereffe
855 1423 986 1462 solent
1003 1423 1120 1461 distis
1137 1423 1319 1467 Officiis,
1338 1424 1478 1474 quibus
1495 1423 1603 1472 larga
1622 1433 1643 1459 a
1660 1420 1726 1469 pio
1740 1418 1822 1460 Te-

498 1476 648 1513 stxrztore
666 1473 907 1521 compendia
922 1476 1063 1515 relit‘ta
1080 1473 1246 1515 fuerunt
1264 1499 1276 1518 ‚
1307 1476 1344 1515 &
1361 1485 1501 1515 contra
1532 1473 1744 1523 negligunt
1759 1471 1823 1510 of·

503 1526 597 1566 ficia
626 1524 931 1567 Conv'entualia
948 1553 961 1572 ,
993 1528 1135 1577 quibus
1167 1528 1334 1567 modicae
1352 1528 1616 1567 suntadnexae
1638 1524 1820 1563 distribu-a

500 1579 638 1618 tiones
655 1603 668 1622 ‚
699 1578 957 1627 imposterum
977 1579 1041 1628 spe
1059 1580 1222 1624 majoris
1242 1580 1345 1620 lucri
1373 1580 1421 1619 ad
1449 1578 1662 1620 servitium
1685 1577 1824 1616 Eccle*

498 1631 561 1670 fiae
582 1630 813 1671 excitentur
831 1631 868 1669 in
886 1631 1004 1670 Pestis
1021 1632 1330 1671 solemnioribus
1349 1658 1362 1677 ,
1380 1632 1418 1670 in
1438 1632 1580 1682 quibus
1597 1642 1724 1675 maior
1742 1627 1820 1668 effe

498 1682 606 1720 solet
624 1680 769 1729 Populi
783 1684 996 1724 concursus
1014 1684 1063 1722 ad
1080 1684 1301 1724 Ecclesiam
1320 1707 1334 1729 ‚
1363 1685 1402 1725 ἅτ
1431 1684 1479 1723 ad
1497 1683 1725 1725 functiones
1743 1681 1821 1718 Ec-

498 1732 734 1772 elefiasticas
751 1764 761 1774 .

447 1784 593 1834 Quoad
621 1784 839 1825 secundam
863 1787 1079 1835 petitionis
1110 1797 1267 1837 partem
1300 1788 1522 1827 advertunt
1539 1813 1551 1831 ,
1584 1784 1812 1824 Canonicos

495 1836 715 1883 ¹vacatione
732 1850 970 1888 quacunque
987 1840 1167 1888 privatos
1182 1839 1229 1878 ad
1248 1840 1486 1887 captandam
1515 1839 1694 1888 aliquam
1712 1838 1813 1876 rela-

494 1888 706 1940 stationem
724 1913 739 1931 ,
769 1899 815 1928 ut
832 1892 898 1929 vel
914 1891 1125 1930 consulant
1154 1891 1456 1931 conservationi
1486 1890 1674 1929 sanitatis
1701 1914 1714 1932 ‚
1744 1889 1811 1927 vel

493 1947 544 1978 ut
559 1949 705 1979 vacent
722 1941 836 1980 rebus
853 1942 1082 1981 domesticis
1097 1969 1110 1987 ‚
1140 1944 1312 1990 persaepe
1329 1943 1454 1982 abesse
1484 1943 1531 1981 ab
1547 1941 1709 1981 Officiis
1729 1968 1741 1985 ,
1773 1942 1811 1980 ὃς

486 2003 543 2041 ⁴ne
563 1992 760 2030 amittant
778 1993 972 2041 stipendia
1004 2006 1023 2032 a
1051 1994 1117 2043 pio
1135 1995 1346 2035 Testatore
1364 1994 1506 2044 largita
1538 2006 1679 2033 curare
1701 1993 1809 2032 testi-

490 2042 704 2082 ficationes
719 2044 977 2084 Medicorum
997 2047 1110 2095 super
1130 2047 1368 2088 necestitate
1396 2046 1595 2086 abeffendi
1629 2058 1675 2084 ex
1694 2046 1810 2083 causa

493 2095 657 2134 tuenda:
672 2096 922 2136 valetudinis
941 2124 951 2142 ‚
980 2099 1161 2148 aliosque
1180 2112 1359 2150 quaerere
1376 2098 1562 2138 absentiae
1592 2105 1808 2143 praetextus

491 2158 584 2184 cum
600 2147 785 2187 evidenti
803 2150 1034 2194 praejndicio
1050 2151 1298 2201 spiritualis,
1329 2152 1367 2191 Sc
1401 2150 1642 2199 temporalis
1663 2150 1809 2188 Eccle-

490 2198 551 2237 fiae
564 2199 748 2256 gubernii
762 2224 776 2244 ‚
807 2200 982 2251 indeque
995 2203 1188 2243 obvenire
1205 2203 1546 2243 murmurationes
1561 2227 1574 2245 ‚
1587 2202 1717 2252 jurgia
1735 2227 1748 2247 ‚
1767 2201 1806 2240 Sc

491 2249 650 2307 dissidia
669 2264 762 2291 cum
778 2252 872 2291 aliis
888 2253 1120 2299 Canonicis‚
1139 2256 1205 2306 qni
1224 2256 1421 2296 intersunt
1434 2254 1620 2295 omnibus
1635 2252 1800 2298 officiis,

493 2310 538 2341 ut
557 2303 751 2359 stipendia
770 2304 828 2343 eis
840 2304 991 2345 adnexa
1008 2307 1218 2347 lucrentur
1239 2337 1248 2346 .

437 2352 640 2402 Expedite
669 2364 907 2405 propterea,
939 2367 984 2398 ut
1016 2372 1092 2397 una
1121 2371 1212 2398 cum
1239 2360 1369 2408 gratia
1395 2358 1534 2408 petitae
1553 2358 1804 2407 applicatio-

481 2408 553 2453 vnis
572 2432 585 2451 ,
614 2409 661 2445 ad
680 2409 955 2448 conciliandos
971 2410 1128 2450 animos
1142 2436 1155 2455 ,
1185 2411 1482 2461 componendas
1499 2411 1717 2450 discordias
1733 2434 1746 2453 ³
1763 2411 1802 2450 Sc

485 2458 694 2499 tollendos
714 2461 855 2501 abusus
870 2462 1090 2507 adjiciatur
1108 2465 1172 2503 lex
1191 2464 1354 2504 edicens
1369 2489 1382 2508 ‚
1400 2474 1448 2502 ne
1467 2464 1572 2501 ultra
1587 2472 1669 2503 tres
1685 2475 1802 2502 men-

484 2510 542 2547 ses
574 2513 799 2552 vacationis
828 2513 1025 2554 Canonici
1057 2516 1243 2555 absentes
1275 2514 1490 2564 participes
1512 2515 1610 2555 fiant
1642 2516 1801 2556 emolu-

486 2571 721 2602 mentorum
737 2591 750 2610 ,
776 2577 860 2614 quae
876 2566 996 2605 dietis
1014 2566 1176 2606 Officiis
1187 2569 1275 2607 sunt
1291 2567 1438 2605 adnexa
1456 2591 1468 2611 ,
1500 2568 1568 2607 nifi
1585 2581 1653 2608 eos
1671 2563 1799 2607 aheffe

483 2620 693 2660 contingat
716 2642 729 2659 ,
763 2619 828 2655 vel
861 2619 975 2657 causa
994 2619 1137 2668 agendi
1155 2619 1317 2669 negotia
1336 2617 1551 2668 Capituli,
1582 2621 1647 2660 vel
1666 2628 1793 2658 vera-2

482 2663 589 2701 mala
619 2666 854 2709 valetudine
884 2670 1150 2710 detineantur
1175 2695 1188 2715 ‚
1233 2683 1316 2721 qux
1352 2682 1398 2709 ex
1430 2670 1587 2717 judicio
1614 2668 1800 2720 Capituli

486 2713 682 2766 egreffum
697 2728 717 2755 a
735 2721 908 2769 propriis
923 2723 1071 2764 aedibus
1088 2722 1173 2764 illis
1186 2721 1386 2775 impediat
1398 2750 1411 2764 .
1721 2772 1803 2813 Hx

1769 2786 1794 2811 [ι
