<?xml version="1.0" encoding="UTF-8"?>
<!DOCTYPE html PUBLIC "-//W3C//DTD XHTML 1.0 Transitional//EN"
    "http://www.w3.org/TR/xhtml1/DTD/xhtml1-transitional.dtd">
<html xmlns="http://www.w3.org/1999/xhtml" xml:lang="en" lang="en">
 <head>
  <title>
</title>
<meta http-equiv="Content-Type" content="text/html;charset=utf-8" />
  <meta name='ocr-system' content='tesseract 3.04.00' />
  <meta name='ocr-capabilities' content='ocr_page ocr_carea ocr_par ocr_line ocrx_word'/>
</head>
<body>
  <div class='ocr_page' id='page_1' title='image "./thesaurusresolut36cath_0178.png"; bbox 0 0 2018 2952; ppageno 0'>
   <div class='ocr_carea' id='block_1_1' title="bbox 425 184 1845 2824">
    <p class='ocr_par' dir='ltr' id='par_1_1' title="bbox 481 184 1800 341">
     <span class='ocr_line' id='line_1_1' title="bbox 482 184 1287 244; baseline -0.001 -16"><span class='ocrx_word' id='word_1_1' title='bbox 482 190 559 228; x_wconf 71' lang='lat'>166</span> <span class='ocrx_word' id='word_1_2' title='bbox 755 232 764 244; x_wconf 28' lang='lat' dir='ltr'>k</span> <span class='ocrx_word' id='word_1_3' title='bbox 927 184 1159 237; x_wconf 75' lang='lat' dir='ltr'>29.Augusti</span> <span class='ocrx_word' id='word_1_4' title='bbox 1177 186 1287 236; x_wconf 72' lang='lat'>1787.</span> 
     </span>
     <span class='ocr_line' id='line_1_2' title="bbox 481 236 1800 291; baseline -0.001 -12"><span class='ocrx_word' id='word_1_5' title='bbox 481 252 571 280; x_wconf 78' lang='lat' dir='ltr'>rum</span> <span class='ocrx_word' id='word_1_6' title='bbox 591 236 810 278; x_wconf 81' lang='lat' dir='ltr'>duodecim</span> <span class='ocrx_word' id='word_1_7' title='bbox 827 248 919 276; x_wconf 84' lang='lat' dir='ltr'>cnm</span> <span class='ocrx_word' id='word_1_8' title='bbox 939 239 1113 278; x_wconf 82' lang='lat' dir='ltr'>dimidio</span> <span class='ocrx_word' id='word_1_9' title='bbox 1131 253 1203 289; x_wconf 86' lang='lat' dir='ltr'>pro</span> <span class='ocrx_word' id='word_1_10' title='bbox 1218 240 1409 291; x_wconf 79' lang='lat' dir='ltr'>quolibet</span> <span class='ocrx_word' id='word_1_11' title='bbox 1422 237 1629 284; x_wconf 66' lang='lat' dir='ltr'>ducatm&amp;</span> <span class='ocrx_word' id='word_1_12' title='bbox 1646 248 1716 289; x_wconf 74' lang='lat' dir='ltr'>per</span> <span class='ocrx_word' id='word_1_13' title='bbox 1735 251 1800 280; x_wconf 81' lang='lat' dir='ltr'>er·</span> 
     </span>
     <span class='ocr_line' id='line_1_3' title="bbox 482 291 1593 341; baseline 0.001 -10"><span class='ocrx_word' id='word_1_14' title='bbox 482 304 614 331; x_wconf 87' lang='lat' dir='ltr'>rorem</span> <span class='ocrx_word' id='word_1_15' title='bbox 633 299 902 339; x_wconf 80' lang='lat' dir='ltr'>nuncupatam</span> <span class='ocrx_word' id='word_1_16' title='bbox 924 292 1106 341; x_wconf 75' lang='lat' dir='ltr'>Qrtam</span> <span class='ocrx_word' id='word_1_17' title='bbox 1120 303 1141 331; x_wconf 81' lang='lat' dir='ltr'>a</span> <span class='ocrx_word' id='word_1_18' title='bbox 1157 292 1337 331; x_wconf 81' lang='lat' dir='ltr'>Testibus</span> <span class='ocrx_word' id='word_1_19' title='bbox 1356 291 1560 339; x_wconf 82' lang='lat' dir='ltr'>Episcopi.</span> <span class='ocrx_word' id='word_1_20' title='bbox 1586 329 1593 332; x_wconf 83' lang='grc'>.</span> 
     </span>
    </p>

    <p class='ocr_par' dir='ltr' id='par_1_2' title="bbox 425 341 1832 912">
     <span class='ocr_line' id='line_1_4' title="bbox 425 341 1800 395; baseline -0.003 -11"><span class='ocrx_word' id='word_1_21' title='bbox 425 345 591 384; x_wconf 83' lang='lat' dir='ltr'>Contra</span> <span class='ocrx_word' id='word_1_22' title='bbox 621 341 992 382; x_wconf 82' lang='lat' dir='ltr'>Reverendiffimus</span> <span class='ocrx_word' id='word_1_23' title='bbox 1024 343 1242 392; x_wconf 83' lang='lat' dir='ltr'>Episcopus</span> <span class='ocrx_word' id='word_1_24' title='bbox 1271 346 1332 390; x_wconf 86' lang='lat' dir='ltr'>jus</span> <span class='ocrx_word' id='word_1_25' title='bbox 1364 342 1430 382; x_wconf 84' lang='lat' dir='ltr'>fibi</span> <span class='ocrx_word' id='word_1_26' title='bbox 1448 343 1640 384; x_wconf 89' lang='lat' dir='ltr'>adscribit</span> <span class='ocrx_word' id='word_1_27' title='bbox 1665 344 1800 395; x_wconf 85' lang='lat' dir='ltr'>perci-</span> 
     </span>
     <span class='ocr_line' id='line_1_5' title="bbox 479 395 1795 446; baseline -0.001 -12"><span class='ocrx_word' id='word_1_28' title='bbox 479 396 618 446; x_wconf 82' lang='lat' dir='ltr'>piendi</span> <span class='ocrx_word' id='word_1_29' title='bbox 633 395 835 443; x_wconf 72' lang='lat' dir='ltr'>Quartam</span> <span class='ocrx_word' id='word_1_30' title='bbox 852 397 1061 434; x_wconf 80' lang='lat' dir='ltr'><strong>funebrem</strong></span> <span class='ocrx_word' id='word_1_31' title='bbox 1090 398 1137 434; x_wconf 85' lang='lat' dir='ltr'>ab</span> <span class='ocrx_word' id='word_1_32' title='bbox 1155 396 1340 436; x_wconf 83' lang='lat' dir='ltr'>Ecclesiis</span> <span class='ocrx_word' id='word_1_33' title='bbox 1359 397 1655 436; x_wconf 82' lang='lat' dir='ltr'>tumulantibus</span> <span class='ocrx_word' id='word_1_34' title='bbox 1674 423 1687 443; x_wconf 95' lang='lat'>,</span> <span class='ocrx_word' id='word_1_35' title='bbox 1717 396 1795 445; x_wconf 77' lang='lat' dir='ltr'>pri-</span> 
     </span>
     <span class='ocr_line' id='line_1_6' title="bbox 479 447 1832 494; baseline -0.001 -7"><span class='ocrx_word' id='word_1_36' title='bbox 479 459 596 487; x_wconf 86' lang='lat' dir='ltr'>mum</span> <span class='ocrx_word' id='word_1_37' title='bbox 612 459 656 486; x_wconf 88' lang='lat' dir='ltr'>ex</span> <span class='ocrx_word' id='word_1_38' title='bbox 675 447 1258 488; x_wconf 57' lang='lat' dir='ltr'>immemorabiliobservantia</span> <span class='ocrx_word' id='word_1_39' title='bbox 1276 475 1288 494; x_wconf 89' lang='lat'>‚</span> <span class='ocrx_word' id='word_1_40' title='bbox 1315 449 1463 488; x_wconf 84' lang='lat' dir='ltr'>deinde</span> <span class='ocrx_word' id='word_1_41' title='bbox 1477 461 1524 488; x_wconf 69' lang='lat' dir='ltr'>,ex</span> <span class='ocrx_word' id='word_1_42' title='bbox 1542 448 1680 488; x_wconf 83' lang='lat' dir='ltr'>Laudo</span> <span class='ocrx_word' id='word_1_43' title='bbox 1696 473 1708 491; x_wconf 61' lang='lat'>³</span> <span class='ocrx_word' id='word_1_44' title='bbox 1727 448 1797 486; x_wconf 85' lang='lat' dir='ltr'>seu</span> <span class='ocrx_word' id='word_1_45' title='bbox 1829 449 1832 453; x_wconf 82' lang='lat'>&#39;</span> 
     </span>
     <span class='ocr_line' id='line_1_7' title="bbox 482 498 1800 547; baseline -0.002 -8"><span class='ocrx_word' id='word_1_46' title='bbox 482 498 715 539; x_wconf 82' lang='lat' dir='ltr'>Concordia</span> <span class='ocrx_word' id='word_1_47' title='bbox 744 510 847 537; x_wconf 82' lang='lat' dir='ltr'>anno</span> <span class='ocrx_word' id='word_1_48' title='bbox 871 504 985 547; x_wconf 85' lang='lat'>1634.</span> <span class='ocrx_word' id='word_1_49' title='bbox 1015 500 1122 539; x_wconf 82' lang='lat' dir='ltr'>inter</span> <span class='ocrx_word' id='word_1_50' title='bbox 1151 500 1446 540; x_wconf 82' lang='lat' dir='ltr'>Cathedralem</span> <span class='ocrx_word' id='word_1_51' title='bbox 1482 501 1583 539; x_wconf 90' lang='lat' dir='ltr'>inita</span> <span class='ocrx_word' id='word_1_52' title='bbox 1607 527 1617 546; x_wconf 90' lang='lat'><em>,</em></span> <span class='ocrx_word' id='word_1_53' title='bbox 1643 502 1681 541; x_wconf 72' lang='lat'>8&lt;</span> <span class='ocrx_word' id='word_1_54' title='bbox 1705 500 1800 540; x_wconf 90' lang='lat' dir='ltr'>Col-</span> 
     </span>
     <span class='ocr_line' id='line_1_8' title="bbox 481 550 1798 601; baseline 0.001 -11"><span class='ocrx_word' id='word_1_55' title='bbox 481 552 683 601; x_wconf 86' lang='lat' dir='ltr'>legiatam</span> <span class='ocrx_word' id='word_1_56' title='bbox 701 550 835 590; x_wconf 64' lang='lat' dir='ltr'>Samen</span> <span class='ocrx_word' id='word_1_57' title='bbox 853 551 1035 594; x_wconf 86' lang='lat' dir='ltr'>Nicolai‚</span> <span class='ocrx_word' id='word_1_58' title='bbox 1053 553 1219 592; x_wconf 90' lang='lat' dir='ltr'>demum</span> <span class='ocrx_word' id='word_1_59' title='bbox 1238 567 1282 593; x_wconf 84' lang='lat' dir='ltr'>ex</span> <span class='ocrx_word' id='word_1_60' title='bbox 1305 566 1345 591; x_wconf 83' lang='lat' dir='ltr'>re</span> <span class='ocrx_word' id='word_1_61' title='bbox 1365 552 1545 598; x_wconf 85' lang='lat' dir='ltr'>judicata</span> <span class='ocrx_word' id='word_1_62' title='bbox 1561 565 1666 591; x_wconf 84' lang='lat' dir='ltr'>anno</span> <span class='ocrx_word' id='word_1_63' title='bbox 1686 558 1798 598; x_wconf 81' lang='lat'><em>1672.</em></span> 
     </span>
     <span class='ocr_line' id='line_1_9' title="bbox 482 602 1800 653; baseline 0 -9"><span class='ocrx_word' id='word_1_64' title='bbox 482 606 503 644; x_wconf 70' lang='lat' dir='ltr'>a</span> <span class='ocrx_word' id='word_1_65' title='bbox 535 604 655 642; x_wconf 85' lang='lat' dir='ltr'>Sacra</span> <span class='ocrx_word' id='word_1_66' title='bbox 684 602 1017 653; x_wconf 86' lang='lat' dir='ltr'>Congregatione</span> <span class='ocrx_word' id='word_1_67' title='bbox 1061 604 1351 653; x_wconf 84' lang='lat' dir='ltr'>Episcoporum</span> <span class='ocrx_word' id='word_1_68' title='bbox 1375 631 1388 650; x_wconf 91' lang='lat'><strong>‚</strong></span> <span class='ocrx_word' id='word_1_69' title='bbox 1431 606 1468 644; x_wconf 60' lang='grc' dir='ltr'>ἃ</span> <span class='ocrx_word' id='word_1_70' title='bbox 1499 604 1761 653; x_wconf 88' lang='lat' dir='ltr'>Regularium</span> <span class='ocrx_word' id='word_1_71' title='bbox 1789 634 1800 644; x_wconf 81' lang='grc'><strong>.</strong></span> 
     </span>
     <span class='ocr_line' id='line_1_10' title="bbox 483 657 1800 707; baseline -0.002 -12"><span class='ocrx_word' id='word_1_72' title='bbox 483 657 652 695; x_wconf 83' lang='lat' dir='ltr'>Titulos</span> <span class='ocrx_word' id='word_1_73' title='bbox 671 658 742 694; x_wconf 83' lang='lat' dir='ltr'>hos</span> <span class='ocrx_word' id='word_1_74' title='bbox 757 668 801 694; x_wconf 69' lang='lat' dir='ltr'>et&lt;</span> <span class='ocrx_word' id='word_1_75' title='bbox 820 657 1097 695; x_wconf 82' lang='lat' dir='ltr'>monumentis</span> <span class='ocrx_word' id='word_1_76' title='bbox 1116 657 1285 697; x_wconf 82' lang='lat' dir='ltr'>deducit</span> <span class='ocrx_word' id='word_1_77' title='bbox 1309 684 1321 703; x_wconf 86' lang='lat'>‚</span> <span class='ocrx_word' id='word_1_78' title='bbox 1353 658 1493 707; x_wconf 83' lang='lat' dir='ltr'>quibus</span> <span class='ocrx_word' id='word_1_79' title='bbox 1511 658 1641 698; x_wconf 83' lang='lat' dir='ltr'>utitur</span> <span class='ocrx_word' id='word_1_80' title='bbox 1671 658 1800 705; x_wconf 82' lang='lat' dir='ltr'>ipsum</span> 
     </span>
     <span class='ocr_line' id='line_1_11' title="bbox 483 708 1806 760; baseline 0 -13"><span class='ocrx_word' id='word_1_81' title='bbox 483 708 724 758; x_wconf 87' lang='lat' dir='ltr'>Capitulum</span> <span class='ocrx_word' id='word_1_82' title='bbox 741 708 1000 747; x_wconf 87' lang='lat' dir='ltr'>Cathedralis</span> <span class='ocrx_word' id='word_1_83' title='bbox 1019 732 1031 751; x_wconf 81' lang='lat'>‚</span> <span class='ocrx_word' id='word_1_84' title='bbox 1065 709 1228 760; x_wconf 83' lang='lat' dir='ltr'>aliaque</span> <span class='ocrx_word' id='word_1_85' title='bbox 1249 713 1361 759; x_wconf 81' lang='lat' dir='ltr'>plura</span> <span class='ocrx_word' id='word_1_86' title='bbox 1378 710 1612 758; x_wconf 85' lang='lat' dir='ltr'>superaddit</span> <span class='ocrx_word' id='word_1_87' title='bbox 1631 735 1644 754; x_wconf 92' lang='lat'><strong><em>‚</em></strong></span> <span class='ocrx_word' id='word_1_88' title='bbox 1658 708 1806 759; x_wconf 72' lang='lat' dir='ltr'>qux-in</span> 
     </span>
     <span class='ocr_line' id='line_1_12' title="bbox 484 760 1801 811; baseline -0.001 -11"><span class='ocrx_word' id='word_1_89' title='bbox 484 761 732 806; x_wconf 83' lang='lat' dir='ltr'>ejuslibello</span> <span class='ocrx_word' id='word_1_90' title='bbox 760 760 841 798; x_wconf 86' lang='lat' dir='ltr'>EE.</span> <span class='ocrx_word' id='word_1_91' title='bbox 876 761 967 801; x_wconf 90' lang='lat' dir='ltr'>VV.</span> <span class='ocrx_word' id='word_1_92' title='bbox 995 762 1207 811; x_wconf 84' lang='lat' dir='ltr'>perlegere</span> <span class='ocrx_word' id='word_1_93' title='bbox 1240 764 1534 811; x_wconf 84' lang='lat' dir='ltr'>dignabuntur.</span> <span class='ocrx_word' id='word_1_94' title='bbox 1565 761 1801 810; x_wconf 79' lang='lat' dir='ltr'>Collegiata</span> 
     </span>
     <span class='ocr_line' id='line_1_13' title="bbox 482 812 1805 863; baseline -0.001 -11"><span class='ocrx_word' id='word_1_95' title='bbox 482 825 582 852; x_wconf 84' lang='lat' dir='ltr'>vero</span> <span class='ocrx_word' id='word_1_96' title='bbox 611 812 751 851; x_wconf 82' lang='lat' dir='ltr'>favere</span> <span class='ocrx_word' id='word_1_97' title='bbox 768 812 934 851; x_wconf 86' lang='lat' dir='ltr'>videtur</span> <span class='ocrx_word' id='word_1_98' title='bbox 955 813 1153 862; x_wconf 81' lang='lat' dir='ltr'>Episcopo</span> <span class='ocrx_word' id='word_1_99' title='bbox 1171 839 1184 859; x_wconf 87' lang='lat'>‚</span> <span class='ocrx_word' id='word_1_100' title='bbox 1210 816 1309 854; x_wconf 86' lang='lat' dir='ltr'>licet</span> <span class='ocrx_word' id='word_1_101' title='bbox 1343 815 1392 854; x_wconf 88' lang='lat' dir='ltr'>de</span> <span class='ocrx_word' id='word_1_102' title='bbox 1424 823 1572 854; x_wconf 74' lang='lat' dir='ltr'>caetero</span> <span class='ocrx_word' id='word_1_103' title='bbox 1599 813 1805 863; x_wconf 80' lang='lat' dir='ltr'>Qartam</span> 
     </span>
     <span class='ocr_line' id='line_1_14' title="bbox 486 863 1801 912; baseline 0 -8"><span class='ocrx_word' id='word_1_104' title='bbox 486 865 590 904; x_wconf 88' lang='lat' dir='ltr'>nulli</span> <span class='ocrx_word' id='word_1_105' title='bbox 609 863 753 902; x_wconf 85' lang='lat' dir='ltr'>deberi</span> <span class='ocrx_word' id='word_1_106' title='bbox 773 864 976 910; x_wconf 88' lang='lat' dir='ltr'>sustineat,</span> <span class='ocrx_word' id='word_1_107' title='bbox 994 874 1037 903; x_wconf 90' lang='lat' dir='ltr'>ut</span> <span class='ocrx_word' id='word_1_108' title='bbox 1051 865 1157 904; x_wconf 84' lang='lat' dir='ltr'>infra</span> <span class='ocrx_word' id='word_1_109' title='bbox 1173 867 1435 907; x_wconf 87' lang='lat' dir='ltr'>adnotabitur</span> <span class='ocrx_word' id='word_1_110' title='bbox 1452 896 1462 905; x_wconf 90' lang='lat'>.</span> <span class='ocrx_word' id='word_1_111' title='bbox 1686 909 1687 912; x_wconf 11' lang='grc' dir='ltr'><strong>Ἴ</strong></span> <span class='ocrx_word' id='word_1_112' title='bbox 1778 873 1801 904; x_wconf 70' lang='lat' dir='ltr'>v0</span> 
     </span>
    </p>

    <p class='ocr_par' dir='ltr' id='par_1_3' title="bbox 433 916 1805 1163">
     <span class='ocr_line' id='line_1_15' title="bbox 433 916 1802 968; baseline 0.001 -12"><span class='ocrx_word' id='word_1_113' title='bbox 433 917 501 956; x_wconf 89' lang='lat' dir='ltr'>Ad</span> <span class='ocrx_word' id='word_1_114' title='bbox 522 916 619 955; x_wconf 88' lang='lat' dir='ltr'><strong>XII.</strong></span> <span class='ocrx_word' id='word_1_115' title='bbox 652 916 959 966; x_wconf 85' lang='lat' dir='ltr'>Obligationem</span> <span class='ocrx_word' id='word_1_116' title='bbox 975 917 1216 968; x_wconf 81' lang='lat' dir='ltr'>Collegiatae</span> <span class='ocrx_word' id='word_1_117' title='bbox 1238 918 1425 959; x_wconf 84' lang='lat' dir='ltr'>tradendi</span> <span class='ocrx_word' id='word_1_118' title='bbox 1453 917 1643 957; x_wconf 87' lang='lat' dir='ltr'>Caballos</span> <span class='ocrx_word' id='word_1_119' title='bbox 1660 917 1802 958; x_wconf 86' lang='lat' dir='ltr'>sexde-</span> 
     </span>
     <span class='ocr_line' id='line_1_16' title="bbox 487 967 1803 1018; baseline 0 -10"><span class='ocrx_word' id='word_1_120' title='bbox 487 969 567 1008; x_wconf 85' lang='lat' dir='ltr'>cim</span> <span class='ocrx_word' id='word_1_121' title='bbox 585 981 656 1016; x_wconf 84' lang='lat' dir='ltr'>pro</span> <span class='ocrx_word' id='word_1_122' title='bbox 673 969 824 1017; x_wconf 82' lang='lat' dir='ltr'>fingulo</span> <span class='ocrx_word' id='word_1_123' title='bbox 837 967 1046 1008; x_wconf 82' lang='lat' dir='ltr'>Cadavere</span> <span class='ocrx_word' id='word_1_124' title='bbox 1067 971 1104 1008; x_wconf 89' lang='lat' dir='ltr'>in</span> <span class='ocrx_word' id='word_1_125' title='bbox 1128 973 1214 1017; x_wconf 85' lang='lat' dir='ltr'>ejus</span> <span class='ocrx_word' id='word_1_126' title='bbox 1231 972 1405 1011; x_wconf 75' lang='lat' dir='ltr'>Ecclesia</span> <span class='ocrx_word' id='word_1_127' title='bbox 1423 970 1664 1010; x_wconf 86' lang='lat' dir='ltr'>tumulando</span> <span class='ocrx_word' id='word_1_128' title='bbox 1682 982 1803 1018; x_wconf 86' lang='lat' dir='ltr'>repe-</span> 
     </span>
     <span class='ocr_line' id='line_1_17' title="bbox 487 1019 1804 1069; baseline 0.002 -12"><span class='ocrx_word' id='word_1_129' title='bbox 487 1023 544 1060; x_wconf 82' lang='lat' dir='ltr'>tit</span> <span class='ocrx_word' id='word_1_130' title='bbox 562 1022 710 1059; x_wconf 84' lang='lat' dir='ltr'>iterum</span> <span class='ocrx_word' id='word_1_131' title='bbox 725 1019 964 1068; x_wconf 77' lang='lat' dir='ltr'>Capitulum</span> <span class='ocrx_word' id='word_1_132' title='bbox 982 1024 1204 1069; x_wconf 71' lang='lat' dir='ltr'>apaffione</span> <span class='ocrx_word' id='word_1_133' title='bbox 1231 1032 1433 1064; x_wconf 86' lang='lat' dir='ltr'>conventa</span> <span class='ocrx_word' id='word_1_134' title='bbox 1463 1023 1503 1061; x_wconf 85' lang='lat' dir='ltr'>in</span> <span class='ocrx_word' id='word_1_135' title='bbox 1534 1022 1804 1061; x_wconf 88' lang='lat' dir='ltr'>Instrumento</span> 
     </span>
     <span class='ocr_line' id='line_1_18' title="bbox 489 1072 1805 1132; baseline 0.002 -22"><span class='ocrx_word' id='word_1_136' title='bbox 489 1074 581 1132; x_wconf 59' lang='lat' dir='ltr'>anni</span> <span class='ocrx_word' id='word_1_137' title='bbox 603 1085 643 1114; x_wconf 82' lang='lat'>13</span> <span class='ocrx_word' id='word_1_138' title='bbox 656 1078 731 1118; x_wconf 59' lang='lat'>28„</span> <span class='ocrx_word' id='word_1_139' title='bbox 751 1072 946 1123; x_wconf 84' lang='lat' dir='ltr'>additque</span> <span class='ocrx_word' id='word_1_140' title='bbox 962 1074 1259 1116; x_wconf 78' lang='lat' dir='ltr'>observantiam</span> <span class='ocrx_word' id='word_1_141' title='bbox 1277 1076 1323 1116; x_wconf 89' lang='lat' dir='ltr'>ad</span> <span class='ocrx_word' id='word_1_142' title='bbox 1344 1078 1426 1116; x_wconf 82' lang='lat' dir='ltr'>haec</span> <span class='ocrx_word' id='word_1_143' title='bbox 1444 1075 1567 1125; x_wconf 89' lang='lat' dir='ltr'>usque</span> <span class='ocrx_word' id='word_1_144' title='bbox 1585 1082 1805 1124; x_wconf 57' lang='lat' dir='ltr'>tempora.)</span> 
     </span>
     <span class='ocr_line' id='line_1_19' title="bbox 491 1132 716 1163; baseline 0.004 -1"><span class='ocrx_word' id='word_1_145' title='bbox 491 1132 687 1163; x_wconf 74' lang='lat' dir='ltr'>lervatam</span> <span class='ocrx_word' id='word_1_146' title='bbox 707 1154 716 1163; x_wconf 90' lang='lat'><strong>.</strong></span> 
     </span>
    </p>

    <p class='ocr_par' dir='ltr' id='par_1_4' title="bbox 436 1176 1845 1684">
     <span class='ocr_line' id='line_1_20' title="bbox 436 1176 1845 1230; baseline 0.001 -16"><span class='ocrx_word' id='word_1_147' title='bbox 436 1178 500 1223; x_wconf 73' lang='lat' dir='ltr'>Ad</span> <span class='ocrx_word' id='word_1_148' title='bbox 525 1176 643 1230; x_wconf 67' lang='lat' dir='ltr'>Xlll.¹</span> <span class='ocrx_word' id='word_1_149' title='bbox 669 1176 908 1226; x_wconf 80' lang='lat' dir='ltr'>Capitulum</span> <span class='ocrx_word' id='word_1_150' title='bbox 925 1180 1170 1227; x_wconf 77' lang='lat' dir='ltr'>praemittit‚</span> <span class='ocrx_word' id='word_1_151' title='bbox 1201 1181 1422 1221; x_wconf 76' lang='lat' dir='ltr'>Ecclesiam</span> <span class='ocrx_word' id='word_1_152' title='bbox 1439 1180 1480 1220; x_wconf 87' lang='lat' dir='ltr'>S.</span> <span class='ocrx_word' id='word_1_153' title='bbox 1494 1178 1663 1219; x_wconf 87' lang='lat' dir='ltr'>Nicolai</span> <span class='ocrx_word' id='word_1_154' title='bbox 1685 1182 1818 1218; x_wconf 40' lang='lat' dir='ltr'>nonas</span> <span class='ocrx_word' id='word_1_155' title='bbox 1842 1213 1845 1216; x_wconf 87' lang='grc'><strong>,</strong></span> 
     </span>
     <span class='ocr_line' id='line_1_21' title="bbox 488 1229 1800 1283; baseline 0.001 -17"><span class='ocrx_word' id='word_1_156' title='bbox 488 1230 608 1268; x_wconf 84' lang='lat' dir='ltr'>aliam</span> <span class='ocrx_word' id='word_1_157' title='bbox 626 1229 758 1267; x_wconf 76' lang='lat' dir='ltr'>lacere</span> <span class='ocrx_word' id='word_1_158' title='bbox 776 1231 1019 1271; x_wconf 78' lang='lat' dir='ltr'>consueviffe</span> <span class='ocrx_word' id='word_1_159' title='bbox 1047 1233 1368 1277; x_wconf 84' lang='lat' dir='ltr'>Proceffionem‚</span> <span class='ocrx_word' id='word_1_160' title='bbox 1398 1234 1436 1273; x_wconf 86' lang='lat'>&amp;</span> <span class='ocrx_word' id='word_1_161' title='bbox 1464 1231 1630 1283; x_wconf 91' lang='lat' dir='ltr'>quidem</span> <span class='ocrx_word' id='word_1_162' title='bbox 1661 1232 1800 1270; x_wconf 66' lang='lat' dir='ltr'>intra..)</span> 
     </span>
     <span class='ocr_line' id='line_1_22' title="bbox 490 1281 1803 1334; baseline 0 -14"><span class='ocrx_word' id='word_1_163' title='bbox 490 1282 603 1320; x_wconf 88' lang='lat' dir='ltr'>suum</span> <span class='ocrx_word' id='word_1_164' title='bbox 631 1281 833 1318; x_wconf 87' lang='lat' dir='ltr'>ambitum</span> <span class='ocrx_word' id='word_1_165' title='bbox 855 1307 866 1326; x_wconf 89' lang='lat'>‚</span> <span class='ocrx_word' id='word_1_166' title='bbox 896 1296 1015 1333; x_wconf 73' lang='lat' dir='ltr'>quam</span> <span class='ocrx_word' id='word_1_167' title='bbox 1047 1286 1159 1323; x_wconf 86' lang='lat' dir='ltr'>illam</span> <span class='ocrx_word' id='word_1_168' title='bbox 1191 1285 1304 1324; x_wconf 77' lang='lat' dir='ltr'>SSmi</span> <span class='ocrx_word' id='word_1_169' title='bbox 1330 1285 1522 1334; x_wconf 82' lang='lat' dir='ltr'>Corporis</span> <span class='ocrx_word' id='word_1_170' title='bbox 1539 1283 1684 1323; x_wconf 86' lang='lat' dir='ltr'>Christi</span> <span class='ocrx_word' id='word_1_171' title='bbox 1704 1284 1803 1320; x_wconf 54' lang='lat' dir='ltr'>dic„</span> 
     </span>
     <span class='ocr_line' id='line_1_23' title="bbox 491 1333 1804 1386; baseline 0.001 -14"><span class='ocrx_word' id='word_1_172' title='bbox 491 1337 602 1372; x_wconf 74' lang='lat' dir='ltr'>Lunae</span> <span class='ocrx_word' id='word_1_173' title='bbox 629 1335 730 1380; x_wconf 79' lang='lat' dir='ltr'>infra</span> <span class='ocrx_word' id='word_1_174' title='bbox 753 1336 953 1374; x_wconf 61' lang='lat' dir='ltr'>Ocra-vam.</span> <span class='ocrx_word' id='word_1_175' title='bbox 984 1337 1254 1377; x_wconf 83' lang='lat' dir='ltr'>Frustraneam</span> <span class='ocrx_word' id='word_1_176' title='bbox 1286 1346 1500 1386; x_wconf 85' lang='lat' dir='ltr'>propterea</span> <span class='ocrx_word' id='word_1_177' title='bbox 1530 1338 1648 1381; x_wconf 86' lang='lat' dir='ltr'>hujus</span> <span class='ocrx_word' id='word_1_178' title='bbox 1679 1333 1804 1374; x_wconf 85' lang='lat' dir='ltr'>Dubii</span> 
     </span>
     <span class='ocr_line' id='line_1_24' title="bbox 491 1385 1807 1438; baseline 0.002 -16"><span class='ocrx_word' id='word_1_179' title='bbox 491 1385 811 1433; x_wconf 83' lang='lat' dir='ltr'>disputationem</span> <span class='ocrx_word' id='word_1_180' title='bbox 831 1414 840 1424; x_wconf 91' lang='lat'><strong><em>.</em></strong></span> <span class='ocrx_word' id='word_1_181' title='bbox 870 1387 927 1425; x_wconf 82' lang='lat' dir='ltr'>At</span> <span class='ocrx_word' id='word_1_182' title='bbox 948 1389 971 1425; x_wconf 87' lang='lat' dir='ltr'>fi</span> <span class='ocrx_word' id='word_1_183' title='bbox 991 1389 1204 1438; x_wconf 77' lang='lat' dir='ltr'>contingat</span> <span class='ocrx_word' id='word_1_184' title='bbox 1219 1415 1232 1433; x_wconf 85' lang='lat'>‚</span> <span class='ocrx_word' id='word_1_185' title='bbox 1262 1399 1306 1429; x_wconf 88' lang='lat' dir='ltr'>ut</span> <span class='ocrx_word' id='word_1_186' title='bbox 1323 1389 1564 1437; x_wconf 61' lang='lat' dir='ltr'>collegiatae</span> <span class='ocrx_word' id='word_1_187' title='bbox 1596 1387 1665 1426; x_wconf 86' lang='lat' dir='ltr'>fiat</span> <span class='ocrx_word' id='word_1_188' title='bbox 1686 1395 1807 1435; x_wconf 84' lang='lat' dir='ltr'>pote-</span> 
     </span>
     <span class='ocr_line' id='line_1_25' title="bbox 491 1436 1810 1487; baseline 0.001 -12"><span class='ocrx_word' id='word_1_189' title='bbox 491 1440 563 1476; x_wconf 78' lang='lat' dir='ltr'>stas</span> <span class='ocrx_word' id='word_1_190' title='bbox 582 1437 682 1475; x_wconf 84' lang='lat' dir='ltr'>alias</span> <span class='ocrx_word' id='word_1_191' title='bbox 702 1436 1170 1486; x_wconf 74' lang='lat' dir='ltr'>ducendi‚praete1-i11am</span> <span class='ocrx_word' id='word_1_192' title='bbox 1199 1442 1376 1484; x_wconf 86' lang='lat' dir='ltr'>solitam,</span> <span class='ocrx_word' id='word_1_193' title='bbox 1389 1440 1656 1487; x_wconf 73' lang='lat' dir='ltr'>processiones</span> <span class='ocrx_word' id='word_1_194' title='bbox 1672 1463 1685 1482; x_wconf 83' lang='lat'><em>‚</em></span> <span class='ocrx_word' id='word_1_195' title='bbox 1715 1450 1810 1476; x_wconf 74' lang='lat' dir='ltr'>con·</span> 
     </span>
     <span class='ocr_line' id='line_1_26' title="bbox 488 1489 1811 1543; baseline 0 -15"><span class='ocrx_word' id='word_1_196' title='bbox 488 1489 625 1528; x_wconf 88' lang='lat' dir='ltr'>tendit</span> <span class='ocrx_word' id='word_1_197' title='bbox 642 1502 716 1526; x_wconf 87' lang='lat' dir='ltr'>non</span> <span class='ocrx_word' id='word_1_198' title='bbox 734 1490 858 1528; x_wconf 86' lang='lat' dir='ltr'>aliter</span> <span class='ocrx_word' id='word_1_199' title='bbox 873 1493 948 1528; x_wconf 90' lang='lat' dir='ltr'>hoc</span> <span class='ocrx_word' id='word_1_200' title='bbox 968 1493 1054 1530; x_wconf 83' lang='lat' dir='ltr'>casu</span> <span class='ocrx_word' id='word_1_201' title='bbox 1075 1492 1163 1532; x_wconf 86' lang='lat' dir='ltr'>illas</span> <span class='ocrx_word' id='word_1_202' title='bbox 1180 1490 1420 1543; x_wconf 82' lang='lat' dir='ltr'>agere-posse</span> <span class='ocrx_word' id='word_1_203' title='bbox 1436 1518 1448 1538; x_wconf 92' lang='lat'><strong>‚</strong></span> <span class='ocrx_word' id='word_1_204' title='bbox 1482 1503 1598 1543; x_wconf 88' lang='lat' dir='ltr'>quam</span> <span class='ocrx_word' id='word_1_205' title='bbox 1616 1501 1710 1530; x_wconf 88' lang='lat' dir='ltr'>cum</span> <span class='ocrx_word' id='word_1_206' title='bbox 1728 1491 1811 1529; x_wconf 87' lang='lat' dir='ltr'>ele·-</span> 
     </span>
     <span class='ocr_line' id='line_1_27' title="bbox 488 1540 1811 1589; baseline 0 -9"><span class='ocrx_word' id='word_1_207' title='bbox 488 1541 655 1580; x_wconf 80' lang='lat' dir='ltr'>vatione</span> <span class='ocrx_word' id='word_1_208' title='bbox 671 1540 814 1580; x_wconf 84' lang='lat' dir='ltr'>Crucis</span> <span class='ocrx_word' id='word_1_209' title='bbox 832 1542 1082 1583; x_wconf 75' lang='lat' dir='ltr'>parochialis</span> <span class='ocrx_word' id='word_1_210' title='bbox 1099 1546 1143 1583; x_wconf 79' lang='lat' dir='ltr'>ad</span> <span class='ocrx_word' id='word_1_211' title='bbox 1166 1544 1483 1584; x_wconf 89' lang='lat' dir='ltr'>conservandum</span> <span class='ocrx_word' id='word_1_212' title='bbox 1511 1546 1572 1589; x_wconf 80' lang='lat' dir='ltr'>jus</span> <span class='ocrx_word' id='word_1_213' title='bbox 1590 1542 1811 1583; x_wconf 79' lang='lat' dir='ltr'>Parochia-</span> 
     </span>
     <span class='ocr_line' id='line_1_28' title="bbox 486 1593 1806 1647; baseline 0 -15"><span class='ocrx_word' id='word_1_214' title='bbox 486 1594 820 1643; x_wconf 65' lang='lat' dir='ltr'>litatishfccleiiae</span> <span class='ocrx_word' id='word_1_215' title='bbox 836 1593 1110 1642; x_wconf 83' lang='lat' dir='ltr'>Cathedralis,</span> <span class='ocrx_word' id='word_1_216' title='bbox 1128 1598 1233 1647; x_wconf 88' lang='lat' dir='ltr'>quod</span> <span class='ocrx_word' id='word_1_217' title='bbox 1252 1609 1320 1646; x_wconf 88' lang='lat' dir='ltr'>per</span> <span class='ocrx_word' id='word_1_218' title='bbox 1336 1597 1506 1645; x_wconf 75' lang='lat' dir='ltr'>lingulas</span> <span class='ocrx_word' id='word_1_219' title='bbox 1525 1604 1658 1643; x_wconf 84' lang='lat' dir='ltr'>partes</span> <span class='ocrx_word' id='word_1_220' title='bbox 1674 1593 1806 1636; x_wconf 78' lang='lat' dir='ltr'>totius</span> 
     </span>
     <span class='ocr_line' id='line_1_29' title="bbox 488 1644 968 1684; baseline 0 0"><span class='ocrx_word' id='word_1_221' title='bbox 488 1645 685 1684; x_wconf 78' lang='lat' dir='ltr'>Civitatis</span> <span class='ocrx_word' id='word_1_222' title='bbox 701 1644 968 1684; x_wconf 84' lang='lat' dir='ltr'>diffunditur.</span> 
     </span>
    </p>

    <p class='ocr_par' dir='ltr' id='par_1_5' title="bbox 437 1694 1809 1997">
     <span class='ocr_line' id='line_1_30' title="bbox 437 1694 1804 1747; baseline 0 -8"><span class='ocrx_word' id='word_1_223' title='bbox 437 1699 548 1739; x_wconf 81' lang='lat' dir='ltr'>Hinc</span> <span class='ocrx_word' id='word_1_224' title='bbox 563 1696 747 1747; x_wconf 77' lang='lat' dir='ltr'>aXmV.</span> <span class='ocrx_word' id='word_1_225' title='bbox 778 1698 919 1736; x_wconf 88' lang='lat' dir='ltr'>Subdit</span> <span class='ocrx_word' id='word_1_226' title='bbox 937 1724 950 1741; x_wconf 83' lang='lat'><strong>‚</strong></span> <span class='ocrx_word' id='word_1_227' title='bbox 971 1711 1047 1737; x_wconf 91' lang='lat' dir='ltr'>non</span> <span class='ocrx_word' id='word_1_228' title='bbox 1068 1700 1300 1739; x_wconf 81' lang='lat' dir='ltr'>consensum</span> <span class='ocrx_word' id='word_1_229' title='bbox 1330 1700 1457 1738; x_wconf 88' lang='lat' dir='ltr'>solum</span> <span class='ocrx_word' id='word_1_230' title='bbox 1491 1696 1703 1747; x_wconf 67' lang='lat' dir='ltr'>Episcopi,</span> <span class='ocrx_word' id='word_1_231' title='bbox 1736 1694 1804 1734; x_wconf 73' lang='lat' dir='ltr'>sed</span> 
     </span>
     <span class='ocr_line' id='line_1_31' title="bbox 495 1746 1809 1800; baseline -0.003 -11"><span class='ocrx_word' id='word_1_232' title='bbox 495 1750 622 1800; x_wconf 83' lang='lat' dir='ltr'>etiam</span> <span class='ocrx_word' id='word_1_233' title='bbox 640 1746 758 1794; x_wconf 78' lang='lat' dir='ltr'>ipsius</span> <span class='ocrx_word' id='word_1_234' title='bbox 775 1749 958 1797; x_wconf 78' lang='lat' dir='ltr'>Capituli</span> <span class='ocrx_word' id='word_1_235' title='bbox 980 1752 1199 1799; x_wconf 85' lang='lat' dir='ltr'>petendum</span> <span class='ocrx_word' id='word_1_236' title='bbox 1229 1751 1304 1791; x_wconf 78' lang='lat' dir='ltr'>esse</span> <span class='ocrx_word' id='word_1_237' title='bbox 1320 1761 1405 1791; x_wconf 87' lang='lat' dir='ltr'>tam</span> <span class='ocrx_word' id='word_1_238' title='bbox 1438 1761 1510 1797; x_wconf 89' lang='lat' dir='ltr'>pro</span> <span class='ocrx_word' id='word_1_239' title='bbox 1546 1747 1809 1799; x_wconf 77' lang='lat' dir='ltr'>proceliioni-</span> 
     </span>
     <span class='ocr_line' id='line_1_32' title="bbox 492 1801 1804 1851; baseline -0.002 -11"><span class='ocrx_word' id='word_1_240' title='bbox 492 1804 590 1846; x_wconf 86' lang='lat' dir='ltr'>bus,</span> <span class='ocrx_word' id='word_1_241' title='bbox 620 1814 714 1851; x_wconf 74' lang='lat' dir='ltr'>quas</span> <span class='ocrx_word' id='word_1_242' title='bbox 744 1801 977 1849; x_wconf 86' lang='lat' dir='ltr'>Collegiata</span> <span class='ocrx_word' id='word_1_243' title='bbox 1003 1803 1154 1842; x_wconf 88' lang='lat' dir='ltr'>ducere</span> <span class='ocrx_word' id='word_1_244' title='bbox 1172 1804 1276 1841; x_wconf 88' lang='lat' dir='ltr'>velit</span> <span class='ocrx_word' id='word_1_245' title='bbox 1306 1812 1417 1843; x_wconf 80' lang='lat' dir='ltr'>extra</span> <span class='ocrx_word' id='word_1_246' title='bbox 1444 1803 1556 1841; x_wconf 86' lang='lat' dir='ltr'>suum</span> <span class='ocrx_word' id='word_1_247' title='bbox 1585 1801 1804 1844; x_wconf 83' lang='lat' dir='ltr'>ambitum,</span> 
     </span>
     <span class='ocr_line' id='line_1_33' title="bbox 491 1850 1804 1904; baseline -0.002 -12"><span class='ocrx_word' id='word_1_248' title='bbox 491 1865 611 1904; x_wconf 83' lang='lat' dir='ltr'>quam</span> <span class='ocrx_word' id='word_1_249' title='bbox 631 1865 700 1899; x_wconf 79' lang='lat' dir='ltr'>pro</span> <span class='ocrx_word' id='word_1_250' title='bbox 719 1852 799 1891; x_wconf 83' lang='lat' dir='ltr'>illis</span> <span class='ocrx_word' id='word_1_251' title='bbox 817 1853 942 1892; x_wconf 89' lang='lat' dir='ltr'>etiam</span> <span class='ocrx_word' id='word_1_252' title='bbox 957 1881 968 1898; x_wconf 86' lang='lat'>‚</span> <span class='ocrx_word' id='word_1_253' title='bbox 997 1867 1082 1904; x_wconf 70' lang='lat' dir='ltr'>quae</span> <span class='ocrx_word' id='word_1_254' title='bbox 1103 1855 1259 1894; x_wconf 86' lang='lat' dir='ltr'>limites</span> <span class='ocrx_word' id='word_1_255' title='bbox 1277 1855 1363 1894; x_wconf 85' lang='lat' dir='ltr'>suos</span> <span class='ocrx_word' id='word_1_256' title='bbox 1382 1866 1457 1893; x_wconf 86' lang='lat' dir='ltr'>non</span> <span class='ocrx_word' id='word_1_257' title='bbox 1478 1855 1554 1892; x_wconf 75' lang='lat' dir='ltr'>sint</span> <span class='ocrx_word' id='word_1_258' title='bbox 1583 1850 1804 1901; x_wconf 48' lang='lat' dir='ltr'>egressus&amp;</span> 
     </span>
     <span class='ocr_line' id='line_1_34' title="bbox 487 1904 1803 1996; baseline -0.003 -52"><span class='ocrx_word' id='word_1_259' title='bbox 487 1906 683 1996; x_wconf 72' lang='lat' dir='ltr'>namdejus</span> <span class='ocrx_word' id='word_1_260' title='bbox 698 1918 857 1956; x_wconf 79' lang='lat' dir='ltr'>quoque</span> <span class='ocrx_word' id='word_1_261' title='bbox 874 1905 1070 1945; x_wconf 66' lang='lat' dir='ltr'>distrit‘tus</span> <span class='ocrx_word' id='word_1_262' title='bbox 1093 1905 1364 1946; x_wconf 76' lang='lat' dir='ltr'>Territorium</span> <span class='ocrx_word' id='word_1_263' title='bbox 1384 1909 1437 1946; x_wconf 86' lang='lat' dir='ltr'>est</span> <span class='ocrx_word' id='word_1_264' title='bbox 1464 1905 1703 1944; x_wconf 80' lang='lat' dir='ltr'>Parochiale</span> <span class='ocrx_word' id='word_1_265' title='bbox 1723 1904 1803 1942; x_wconf 88' lang='lat' dir='ltr'>Ca-</span> 
     </span>
     <span class='ocr_line' id='line_1_35' title="bbox 489 1959 718 1997; baseline 0 -1"><span class='ocrx_word' id='word_1_266' title='bbox 489 1961 564 1996; x_wconf 81' lang='lat' dir='ltr'>-the</span> <span class='ocrx_word' id='word_1_267' title='bbox 599 1959 691 1997; x_wconf 82' lang='lat' dir='ltr'>ralis</span> <span class='ocrx_word' id='word_1_268' title='bbox 709 1987 718 1996; x_wconf 93' lang='lat'><strong>.</strong></span> 
     </span>
    </p>

    <p class='ocr_par' dir='ltr' id='par_1_6' title="bbox 440 2009 1806 2321">
     <span class='ocr_line' id='line_1_36' title="bbox 440 2009 1804 2061; baseline 0 -13"><span class='ocrx_word' id='word_1_269' title='bbox 440 2011 506 2053; x_wconf 77' lang='lat' dir='ltr'>Ad</span> <span class='ocrx_word' id='word_1_270' title='bbox 530 2009 622 2048; x_wconf 90' lang='lat' dir='ltr'>XV.</span> <span class='ocrx_word' id='word_1_271' title='bbox 637 2010 876 2057; x_wconf 82' lang='lat' dir='ltr'>Capitulum</span> <span class='ocrx_word' id='word_1_272' title='bbox 907 2023 1046 2061; x_wconf 80' lang='lat' dir='ltr'>rogans</span> <span class='ocrx_word' id='word_1_273' title='bbox 1067 2011 1401 2053; x_wconf 84' lang='lat' dir='ltr'>reformationem</span> <span class='ocrx_word' id='word_1_274' title='bbox 1430 2019 1555 2059; x_wconf 60' lang='lat' dir='ltr'>captat</span> <span class='ocrx_word' id='word_1_275' title='bbox 1585 2009 1804 2048; x_wconf 85' lang='lat' dir='ltr'>resolutio-</span> 
     </span>
     <span class='ocr_line' id='line_1_37' title="bbox 489 2062 1803 2113; baseline -0.002 -13"><span class='ocrx_word' id='word_1_276' title='bbox 489 2063 553 2101; x_wconf 87' lang='lat' dir='ltr'>nis</span> <span class='ocrx_word' id='word_1_277' title='bbox 567 2062 748 2101; x_wconf 84' lang='lat' dir='ltr'>advertit</span> <span class='ocrx_word' id='word_1_278' title='bbox 768 2089 780 2106; x_wconf 86' lang='lat'>‚</span> <span class='ocrx_word' id='word_1_279' title='bbox 812 2063 938 2111; x_wconf 74' lang='lat' dir='ltr'>ipsum</span> <span class='ocrx_word' id='word_1_280' title='bbox 965 2076 1041 2103; x_wconf 82' lang='lat' dir='ltr'>non</span> <span class='ocrx_word' id='word_1_281' title='bbox 1059 2074 1200 2112; x_wconf 85' lang='lat' dir='ltr'>petere</span> <span class='ocrx_word' id='word_1_282' title='bbox 1219 2091 1233 2108; x_wconf 83' lang='lat'><strong>‚</strong></span> <span class='ocrx_word' id='word_1_283' title='bbox 1264 2074 1307 2104; x_wconf 92' lang='lat' dir='ltr'>ut</span> <span class='ocrx_word' id='word_1_284' title='bbox 1325 2064 1495 2113; x_wconf 77' lang='lat' dir='ltr'>pagellis</span> <span class='ocrx_word' id='word_1_285' title='bbox 1524 2062 1563 2100; x_wconf 90' lang='lat' dir='ltr'>in</span> <span class='ocrx_word' id='word_1_286' title='bbox 1598 2062 1803 2099; x_wconf 70' lang='lat' dir='ltr'>Ecclesia,-</span> 
     </span>
     <span class='ocr_line' id='line_1_38' title="bbox 487 2112 1806 2165; baseline -0.002 -12"><span class='ocrx_word' id='word_1_287' title='bbox 487 2112 721 2164; x_wconf 79' lang='lat' dir='ltr'>Collegiata</span> <span class='ocrx_word' id='word_1_288' title='bbox 737 2115 1019 2156; x_wconf 83' lang='lat' dir='ltr'>distribuendis</span> <span class='ocrx_word' id='word_1_289' title='bbox 1048 2117 1098 2157; x_wconf 90' lang='lat' dir='ltr'>ad</span> <span class='ocrx_word' id='word_1_290' title='bbox 1114 2118 1395 2165; x_wconf 81' lang='lat' dir='ltr'>probationem</span> <span class='ocrx_word' id='word_1_291' title='bbox 1424 2113 1611 2164; x_wconf 70' lang='lat' dir='ltr'>praecepti</span> <span class='ocrx_word' id='word_1_292' title='bbox 1630 2113 1806 2151; x_wconf 86' lang='lat' dir='ltr'>Pascha-</span> 
     </span>
     <span class='ocr_line' id='line_1_39' title="bbox 491 2166 1803 2219; baseline -0.005 -14"><span class='ocrx_word' id='word_1_293' title='bbox 491 2168 543 2205; x_wconf 90' lang='lat' dir='ltr'>lis</span> <span class='ocrx_word' id='word_1_294' title='bbox 557 2166 776 2211; x_wconf 79' lang='lat' dir='ltr'>adjiciatur</span> <span class='ocrx_word' id='word_1_295' title='bbox 796 2168 1032 2216; x_wconf 84' lang='lat' dir='ltr'>subscriptio</span> <span class='ocrx_word' id='word_1_296' title='bbox 1050 2168 1107 2208; x_wconf 90' lang='lat' dir='ltr'>sui</span> <span class='ocrx_word' id='word_1_297' title='bbox 1125 2168 1483 2219; x_wconf 85' lang='lat' dir='ltr'>Archipresbvteri</span> <span class='ocrx_word' id='word_1_298' title='bbox 1501 2192 1513 2211; x_wconf 92' lang='lat'>‚</span> <span class='ocrx_word' id='word_1_299' title='bbox 1546 2166 1605 2204; x_wconf 88' lang='lat' dir='ltr'>uti</span> <span class='ocrx_word' id='word_1_300' title='bbox 1627 2167 1803 2208; x_wconf 71' lang='lat' dir='ltr'>Vicarh‘,</span> 
     </span>
     <span class='ocr_line' id='line_1_40' title="bbox 487 2215 1801 2272; baseline -0.004 -15"><span class='ocrx_word' id='word_1_301' title='bbox 487 2218 558 2260; x_wconf 77' lang='lat' dir='ltr'>sed</span> <span class='ocrx_word' id='word_1_302' title='bbox 576 2219 636 2257; x_wconf 76' lang='lat' dir='ltr'>uti</span> <span class='ocrx_word' id='word_1_303' title='bbox 652 2221 855 2266; x_wconf 75' lang='lat' dir='ltr'>Dignitaris</span> <span class='ocrx_word' id='word_1_304' title='bbox 875 2221 990 2267; x_wconf 82' lang='lat' dir='ltr'>ipfius</span> <span class='ocrx_word' id='word_1_305' title='bbox 1004 2221 1216 2270; x_wconf 82' lang='lat' dir='ltr'>Capituli,</span> <span class='ocrx_word' id='word_1_306' title='bbox 1236 2234 1313 2272; x_wconf 88' lang='lat' dir='ltr'>quo</span> <span class='ocrx_word' id='word_1_307' title='bbox 1337 2221 1488 2259; x_wconf 87' lang='lat' dir='ltr'>constet</span> <span class='ocrx_word' id='word_1_308' title='bbox 1506 2243 1519 2263; x_wconf 90' lang='lat'><strong>‚</strong></span> <span class='ocrx_word' id='word_1_309' title='bbox 1550 2215 1653 2265; x_wconf 77' lang='lat' dir='ltr'>apud</span> <span class='ocrx_word' id='word_1_310' title='bbox 1675 2215 1801 2263; x_wconf 85' lang='lat' dir='ltr'>ipsum</span> 
     </span>
     <span class='ocr_line' id='line_1_41' title="bbox 493 2271 1086 2321; baseline 0.007 -12"><span class='ocrx_word' id='word_1_311' title='bbox 493 2271 664 2309; x_wconf 76' lang='lat' dir='ltr'>relidere</span> <span class='ocrx_word' id='word_1_312' title='bbox 681 2284 818 2321; x_wconf 79' lang='lat' dir='ltr'>curam</span> <span class='ocrx_word' id='word_1_313' title='bbox 834 2273 1059 2312; x_wconf 85' lang='lat' dir='ltr'>animarum</span> <span class='ocrx_word' id='word_1_314' title='bbox 1076 2303 1086 2313; x_wconf 84' lang='lat'><strong>.</strong></span> 
     </span>
    </p>

    <p class='ocr_par' dir='ltr' id='par_1_7' title="bbox 438 2319 1807 2824">
     <span class='ocr_line' id='line_1_42' title="bbox 438 2319 1807 2376; baseline 0.001 -14"><span class='ocrx_word' id='word_1_315' title='bbox 438 2323 505 2362; x_wconf 81' lang='lat' dir='ltr'>Ad</span> <span class='ocrx_word' id='word_1_316' title='bbox 524 2321 636 2363; x_wconf 85' lang='lat' dir='ltr'>XVI.</span> <span class='ocrx_word' id='word_1_317' title='bbox 658 2323 790 2373; x_wconf 82' lang='lat' dir='ltr'>inquit</span> <span class='ocrx_word' id='word_1_318' title='bbox 807 2350 818 2369; x_wconf 90' lang='lat'><strong>‚</strong></span> <span class='ocrx_word' id='word_1_319' title='bbox 837 2326 882 2363; x_wconf 88' lang='lat' dir='ltr'>ab</span> <span class='ocrx_word' id='word_1_320' title='bbox 900 2326 1019 2365; x_wconf 90' lang='lat' dir='ltr'>Anno</span> <span class='ocrx_word' id='word_1_321' title='bbox 1039 2331 1150 2367; x_wconf 85' lang='lat'>1328.</span> <span class='ocrx_word' id='word_1_322' title='bbox 1170 2351 1181 2370; x_wconf 88' lang='lat'>,</span> <span class='ocrx_word' id='word_1_323' title='bbox 1211 2338 1290 2376; x_wconf 88' lang='lat' dir='ltr'>quo</span> <span class='ocrx_word' id='word_1_324' title='bbox 1323 2323 1478 2375; x_wconf 83' lang='lat' dir='ltr'>placuit</span> <span class='ocrx_word' id='word_1_325' title='bbox 1513 2321 1550 2358; x_wconf 87' lang='lat' dir='ltr'>in</span> <span class='ocrx_word' id='word_1_326' title='bbox 1573 2319 1807 2364; x_wconf 64' lang='lat' dir='ltr'>coadjutri-</span> 
     </span>
     <span class='ocr_line' id='line_1_43' title="bbox 492 2374 1807 2422; baseline -0.004 -8"><span class='ocrx_word' id='word_1_327' title='bbox 492 2386 582 2414; x_wconf 86' lang='lat' dir='ltr'>cem</span> <span class='ocrx_word' id='word_1_328' title='bbox 598 2374 790 2415; x_wconf 61' lang='lat' dir='ltr'>assumere</span> <span class='ocrx_word' id='word_1_329' title='bbox 810 2377 1027 2417; x_wconf 79' lang='lat' dir='ltr'>Ecclesiam</span> <span class='ocrx_word' id='word_1_330' title='bbox 1045 2378 1272 2422; x_wconf 81' lang='lat' dir='ltr'>S.Nicolai‚</span> <span class='ocrx_word' id='word_1_331' title='bbox 1290 2379 1357 2416; x_wconf 88' lang='lat' dir='ltr'>usu</span> <span class='ocrx_word' id='word_1_332' title='bbox 1374 2374 1485 2413; x_wconf 78' lang='lat' dir='ltr'>fuiffe</span> <span class='ocrx_word' id='word_1_333' title='bbox 1502 2381 1712 2421; x_wconf 85' lang='lat' dir='ltr'>receptum</span> <span class='ocrx_word' id='word_1_334' title='bbox 1728 2397 1741 2416; x_wconf 89' lang='lat'>‚</span> <span class='ocrx_word' id='word_1_335' title='bbox 1763 2380 1807 2409; x_wconf 89' lang='lat' dir='ltr'>ut</span> 
     </span>
     <span class='ocr_line' id='line_1_44' title="bbox 492 2426 1798 2478; baseline -0.003 -13"><span class='ocrx_word' id='word_1_336' title='bbox 492 2428 644 2466; x_wconf 83' lang='lat' dir='ltr'>eaedem</span> <span class='ocrx_word' id='word_1_337' title='bbox 664 2429 831 2476; x_wconf 77' lang='lat' dir='ltr'>pagellae</span> <span class='ocrx_word' id='word_1_338' title='bbox 859 2430 1199 2478; x_wconf 82' lang='lat' dir='ltr'>recolligerentur</span> <span class='ocrx_word' id='word_1_339' title='bbox 1233 2431 1279 2468; x_wconf 89' lang='lat' dir='ltr'>ab</span> <span class='ocrx_word' id='word_1_340' title='bbox 1292 2426 1661 2474; x_wconf 83' lang='lat' dir='ltr'>Archipresbytero</span> <span class='ocrx_word' id='word_1_341' title='bbox 1694 2435 1798 2462; x_wconf 40' lang='lat' dir='ltr'>unab</span> 
     </span>
     <span class='ocr_line' id='line_1_45' title="bbox 490 2476 1805 2532; baseline -0.002 -16"><span class='ocrx_word' id='word_1_342' title='bbox 490 2490 583 2516; x_wconf 83' lang='lat' dir='ltr'>cum</span> <span class='ocrx_word' id='word_1_343' title='bbox 601 2477 857 2518; x_wconf 74' lang='lat' dir='ltr'>Confessariis</span> <span class='ocrx_word' id='word_1_344' title='bbox 875 2482 1082 2532; x_wconf 86' lang='lat' dir='ltr'>utriusque</span> <span class='ocrx_word' id='word_1_345' title='bbox 1104 2482 1286 2521; x_wconf 81' lang='lat' dir='ltr'>Ecclefioe</span> <span class='ocrx_word' id='word_1_346' title='bbox 1302 2493 1323 2518; x_wconf 89' lang='lat' dir='ltr'>a</span> <span class='ocrx_word' id='word_1_347' title='bbox 1340 2478 1536 2526; x_wconf 89' lang='lat' dir='ltr'>Capitulo</span> <span class='ocrx_word' id='word_1_348' title='bbox 1568 2476 1777 2532; x_wconf 76' lang='lat' dir='ltr'>deputatis</span> <span class='ocrx_word' id='word_1_349' title='bbox 1798 2487 1805 2512; x_wconf 91' lang='lat'><strong>:</strong></span> 
     </span>
     <span class='ocr_line' id='line_1_46' title="bbox 488 2528 1799 2578; baseline 0 -13"><span class='ocrx_word' id='word_1_350' title='bbox 488 2531 531 2570; x_wconf 82' lang='grc' dir='ltr'>,Α</span> <span class='ocrx_word' id='word_1_351' title='bbox 547 2531 646 2573; x_wconf 83' lang='lat' dir='ltr'>juris</span> <span class='ocrx_word' id='word_1_352' title='bbox 663 2531 753 2570; x_wconf 90' lang='lat' dir='ltr'>ideo</span> <span class='ocrx_word' id='word_1_353' title='bbox 771 2533 929 2572; x_wconf 81' lang='lat' dir='ltr'>ratione</span> <span class='ocrx_word' id='word_1_354' title='bbox 947 2534 1126 2573; x_wconf 84' lang='lat' dir='ltr'>alienum</span> <span class='ocrx_word' id='word_1_355' title='bbox 1145 2531 1219 2573; x_wconf 77' lang='lat' dir='ltr'>esse</span> <span class='ocrx_word' id='word_1_356' title='bbox 1236 2558 1249 2578; x_wconf 92' lang='lat'>‚</span> <span class='ocrx_word' id='word_1_357' title='bbox 1279 2543 1382 2570; x_wconf 90' lang='lat' dir='ltr'>nunc</span> <span class='ocrx_word' id='word_1_358' title='bbox 1399 2528 1640 2577; x_wconf 79' lang='lat' dir='ltr'>Capitulum</span> <span class='ocrx_word' id='word_1_359' title='bbox 1663 2540 1799 2574; x_wconf 58' lang='grc' dir='ltr'>μηνίμ-</span> 
     </span>
     <span class='ocr_line' id='line_1_47' title="bbox 491 2580 1802 2635; baseline -0.008 -8"><span class='ocrx_word' id='word_1_360' title='bbox 491 2580 527 2618; x_wconf 69' lang='lat' dir='ltr'>fi</span> <span class='ocrx_word' id='word_1_361' title='bbox 552 2585 816 2633; x_wconf 60' lang='lat' dir='ltr'>maerogativa</span> <span class='ocrx_word' id='word_1_362' title='bbox 845 2586 1111 2634; x_wconf 86' lang='lat' dir='ltr'>recolligendi</span> <span class='ocrx_word' id='word_1_363' title='bbox 1145 2596 1219 2622; x_wconf 88' lang='lat' dir='ltr'>una</span> <span class='ocrx_word' id='word_1_364' title='bbox 1248 2595 1340 2621; x_wconf 88' lang='lat' dir='ltr'>cum</span> <span class='ocrx_word' id='word_1_365' title='bbox 1372 2581 1537 2619; x_wconf 87' lang='lat' dir='ltr'>Vicario</span> <span class='ocrx_word' id='word_1_366' title='bbox 1555 2581 1802 2635; x_wconf 67' lang='lat' dir='ltr'>Collegiatae</span> 
     </span>
     <span class='ocr_line' id='line_1_48' title="bbox 491 2632 1807 2683; baseline -0.002 -14"><span class='ocrx_word' id='word_1_367' title='bbox 491 2632 672 2681; x_wconf 82' lang='lat' dir='ltr'>pagellas</span> <span class='ocrx_word' id='word_1_368' title='bbox 690 2635 726 2670; x_wconf 87' lang='lat' dir='ltr'>in</span> <span class='ocrx_word' id='word_1_369' title='bbox 741 2636 847 2674; x_wconf 77' lang='lat' dir='ltr'>istius</span> <span class='ocrx_word' id='word_1_370' title='bbox 868 2637 1281 2676; x_wconf 71' lang='lat' dir='ltr'>Ecclefiadistributas</span> <span class='ocrx_word' id='word_1_371' title='bbox 1303 2659 1315 2678; x_wconf 81' lang='lat'><strong>‚</strong></span> <span class='ocrx_word' id='word_1_372' title='bbox 1346 2633 1563 2683; x_wconf 82' lang='lat' dir='ltr'>posthabita</span> <span class='ocrx_word' id='word_1_373' title='bbox 1598 2642 1678 2670; x_wconf 76' lang='lat' dir='ltr'>tam</span> <span class='ocrx_word' id='word_1_374' title='bbox 1712 2632 1807 2668; x_wconf 80' lang='lat' dir='ltr'>diu·</span> 
     </span>
     <span class='ocr_line' id='line_1_49' title="bbox 493 2685 1799 2737; baseline -0.002 -16"><span class='ocrx_word' id='word_1_375' title='bbox 493 2692 612 2721; x_wconf 86' lang='lat' dir='ltr'>turna</span> <span class='ocrx_word' id='word_1_376' title='bbox 638 2686 954 2730; x_wconf 77' lang='lat' dir='ltr'>consuetudine,</span> <span class='ocrx_word' id='word_1_377' title='bbox 984 2702 1066 2737; x_wconf 70' lang='lat' dir='ltr'>quae</span> <span class='ocrx_word' id='word_1_378' title='bbox 1102 2688 1136 2725; x_wconf 89' lang='lat' dir='ltr'>iu</span> <span class='ocrx_word' id='word_1_379' title='bbox 1166 2688 1338 2725; x_wconf 69' lang='lat' dir='ltr'>materia</span> <span class='ocrx_word' id='word_1_380' title='bbox 1368 2685 1799 2734; x_wconf 57' lang='lat' dir='ltr'>praeemincutiarmm</span> 
     </span>
     <span class='ocr_line' id='line_1_50' title="bbox 495 2734 1803 2824; baseline 0.001 -50"><span class='ocrx_word' id='word_1_381' title='bbox 495 2734 770 2775; x_wconf 79' lang='lat' dir='ltr'>venerandam</span> <span class='ocrx_word' id='word_1_382' title='bbox 787 2738 939 2788; x_wconf 80' lang='lat' dir='ltr'>semper</span> <span class='ocrx_word' id='word_1_383' title='bbox 955 2741 1091 2779; x_wconf 72' lang='lat' dir='ltr'>habuit</span> <span class='ocrx_word' id='word_1_384' title='bbox 1114 2739 1400 2778; x_wconf 48' lang='lat' dir='ltr'>annositatem</span> <span class='ocrx_word' id='word_1_385' title='bbox 1419 2767 1427 2779; x_wconf 83' lang='lat'><em>.</em></span> <span class='ocrx_word' id='word_1_386' title='bbox 1740 2785 1803 2824; x_wconf 64' lang='lat' dir='ltr'>Ad</span> 
     </span>
    </p>
   </div>
  </div>
 </body>
</html>
