2007 3005
524 185 604 220 226²
967 199 1026 227 η.
1047 188 1258 226 Decembris
1281 192 1395 234 1767.
1442 204 1445 209 ·

511 234 617 272 neris
645 233 890 277 Beneficium
915 264 930 282 ,
957 239 1154 279 euiOrdo
1171 241 1291 279 Sacer
1322 239 1368 278 fit
1395 239 1598 285 adnexus,
1627 238 1811 283 neeesse,

512 284 714 344 haud-esse
733 312 746 330 ‚
775 289 841 327 nili
857 291 979 330 aliter
997 292 1034 329 in
1047 289 1286 330 fundatione
1303 300 1469 330 cautum
1499 292 1544 330 fit
1559 316 1571 334 ‚
1598 300 1642 330 nt
1657 292 1745 340 quis
1771 305 1820 332 eo

510 337 703 385 praeditus
721 341 767 378 fit
784 342 821 380 in
837 344 924 381 affin
943 343 1182 382 collationis
1197 369 1207 386 ‚
1234 344 1297 382 sed
1315 341 1513 387 sufficere,
1532 353 1574 382 ut
1594 344 1699 382 intra
1714 353 1819 384 tem·

512 400 583 437 pus
604 391 732 447 ajure
760 394 1002 439 praefinitum
1033 395 1081 434 ad
1112 395 1231 433 illum
1262 395 1381 434 evehi
1401 395 1518 443 poffit
1543 424 1553 434 .
1582 395 1717 444 Qam
1734 396 1823 435 sen-

514 449 687 481 tentlam
705 455 901 493 perpetuo
920 448 1086 497 sequuta
1106 448 1156 485 est
1171 448 1299 486 etiam
1331 449 1409 485 haec
1443 447 1528 487 Sae.
1545 447 1819 496 Congregatio

511 492 562 531 de
582 495 653 533 hac
673 507 714 534 re
734 498 872 543 soenius
886 500 1070 538 consulta
1086 500 1200 545 juxta
1219 499 1488 539 resolutiones
1507 525 1520 545 ‚
1538 512 1633 550 quas
1651 500 1743 538 loco
1757 500 1818 539 ci-

514 553 604 582 tato
621 545 745 587 refert
765 550 969 599 Fagnanus
986 580 996 590 .

465 596 571 638 Illud
587 598 624 636 in
644 601 822 643 praesenti
842 604 930 642 casu
949 601 1251 650 ponderandum
1267 603 1516 647 occurrit‚an
1543 603 1580 641 in
1596 603 1822 642 Canoniea-

514 658 579 688 tus
595 649 871 701 assequutione
887 656 933 694 fit
950 654 1218 702 praeferendus
1239 654 1434 694 Sacerdos
1450 654 1628 694 Panante
1645 680 1658 699 ‚
1677 656 1743 705 qni
1760 656 1818 693 as-

514 701 647 741 serens
666 704 704 742 se
720 706 838 745 unice
854 707 1129 757 qualificatum
1158 707 1398 756 provocavit
1416 706 1701 754 Presbyterum
1734 708 1820 745 Sti-

510 754 596 802 glio
620 767 641 794 a
658 754 844 799 Patronis
867 759 1119 798 nominatum
1138 784 1151 804 ,
1180 767 1224 796 ut
1242 760 1291 797 de
1307 760 1392 804 ejus
1414 759 1628 797 habilitate
1644 759 1692 796 ad
1708 758 1818 797 Con-

511 805 697 847 feffioues
716 810 970 859 excipiendas
982 811 1150 850 doceret
1169 839 1178 848 .
1211 809 1252 848 ln
1271 814 1342 849 hac
1367 819 1503 849 tamen
1538 810 1814 860 inspectione,

513 860 739 909 expendere
768 863 806 901 in
836 863 978 909 primis
994 872 1159 911 oportet
1187 887 1200 906 ‚
1228 861 1478 902 Testatorem
1507 875 1584 901 non
1601 863 1816 904 absolute,

511 911 737 960 praecepisse
755 939 768 957 ‚
799 914 864 954 sed
881 914 948 952 sub
963 915 1087 954 certis
1101 913 1404 954 conditionibus
1430 926 1530 953 onus
1546 914 1815 960 coadjuvandi

509 963 735 1004 Parochum
752 965 995 1007 beneficiato
1009 964 1218 1011 injunxisse
1234 994 1244 1004 .
1277 966 1434 1006 Deinde
1451 978 1497 1006 ex
1511 965 1617 1006 farto
1633 966 1818 1006 animad-

509 1018 753 1056 vertendum
772 1043 784 1062 ,
811 1017 1072 1059 Sacerdotem
1089 1017 1266 1057 Panante
1282 1017 1490 1058 affirmasse
1519 1018 1683 1069 quidem
1699 1043 1712 1062 ‚
1745 1017 1814 1058 sed

509 1081 588 1107 non
605 1068 781 1116 probaffe
797 1096 810 1114 ‚
838 1069 875 1109 se
896 1071 1178 1110 renunciatum
1197 1069 1243 1108 ad
1259 1068 1535 1109 Confeffioncs
1550 1069 1807 1119 excipiendas

508 1121 725 1161 idoneums
751 1122 839 1161 Sac.
856 1122 1024 1170 proinde
1040 1120 1355 1172 congregationi
1385 1121 1434 1161 de
1451 1124 1565 1168 hujus
1584 1123 1641 1161 rei
1668 1123 1816 1161 verita-

509 1186 550 1212 re
570 1185 647 1211 non
676 1175 850 1213 constare
867 1199 879 1217 ‚
910 1187 982 1214 nec
1015 1174 1271 1213 innotescere
1289 1199 1302 1218 ‚
1334 1185 1382 1212 an
1411 1174 1450 1212 id
1469 1175 1655 1214 evenerit
1675 1174 1810 1212 intra.)

507 1235 667 1273 tempus
685 1225 869 1264 Patronis
885 1226 934 1264 ad
949 1226 1264 1273 praesentandum
1283 1224 1512 1267 conceffum
1531 1252 1544 1272 ‚
1574 1226 1681 1278 quod
1709 1227 1814 1265 mul-

505 1286 594 1315 tum
612 1276 784 1316 referret
805 1276 879 1317 esse
898 1287 1155 1324 compertum
1171 1307 1181 1318 .

458 1328 626 1374 Insuper
641 1341 763 1377 quum
777 1329 991 1377 Presbyter
1006 1329 1154 1378 Stiglio
1179 1329 1399 1368 Fundatori
1432 1330 1651 1377 proximior
1668 1329 1814 1369 assera·

504 1388 570 1418 tur
587 1406 600 1424 ,
630 1380 776 1427 praestat
792 1382 1242 1421 etiamcircumsnicere
1259 1405 1272 1425 ‚
1290 1393 1337 1419 an
1357 1381 1438 1429 ipse
1458 1382 1729 1429 praeferendus
1757 1383 1805 1419 fit

500 1440 691 1480 tanquam
708 1444 727 1470 a
745 1432 956 1471 Testatore
971 1432 1226 1473 vroediletstus
1243 1457 1255 1477 ‚
1275 1432 1342 1481 qui
1359 1433 1492 1471 voluit
1509 1458 1521 1476 ‚
1556 1443 1602 1473 ut
1616 1433 1666 1472 ad
1681 1433 1810 1472 Bene-

497 1479 635 1521 ficium
650 1483 879 1532 eligendus,
892 1485 1112 1525 dummodo
1127 1484 1383 1524 inveniretur
1412 1508 1426 1528 ‚
1456 1483 1552 1525 effet
1571 1486 1621 1526 de
1642 1485 1813 1524 Familia

501 1535 727 1579 Gorretta‚
754 1537 790 1576 St
820 1538 869 1576 de
897 1540 1006 1578 linea
1036 1538 1251 1575 masculina
1272 1561 1286 1580 ‚
1318 1536 1371 1574 fin
1400 1537 1531 1577 minus
1565 1536 1806 1576 foeminina.

447 1585 596 1635 Quoad
614 1587 832 1626 secundum
852 1589 1030 1629 Dubium
1051 1613 1064 1631 ‚
1095 1599 1217 1638 quum
1237 1587 1394 1627 dicatur
1413 1614 1426 1634 ‚
1456 1589 1728 1629 Canonicatus
1747 1601 1834 1628 re··

495 1638 606 1676 ditus
648 1638 965 1680 diminutionem
995 1640 1117 1688 palsos
1146 1639 1258 1678 fuiffe
1285 1665 1298 1684 ‚
1327 1641 1656 1689 perpendendum
1686 1641 1763 1680 erit
1795 1664 1811 1683 ‚

495 1701 590 1727 num
618 1689 722 1728 ratio
751 1691 887 1741 aliqua
916 1693 1094 1732 habenda
1122 1693 1168 1731 fit
1196 1691 1249 1729 de
1268 1692 1338 1730 illa
1358 1694 1730 1731 emolumentorum
1749 1693 1809 1729 as-

492 1740 715 1788 signatione
733 1767 745 1785 ,
774 1755 892 1792 quam
910 1745 1111 1783 Parochus
1142 1755 1187 1783 ex
1221 1743 1510 1783 emolumentis
1540 1743 1655 1783 Cura
1677 1743 1810 1782 Bene-

491 1791 628 1840 ficiato
648 1792 793 1831 fastam
810 1795 1019 1843 supposuit
1036 1825 1046 1835 .

444 1842 582 1900 Qare
598 1844 675 1883 EE.
691 1844 778 1884 VV.
811 1846 1036 1894 prudentioe
1054 1874 1067 1894 ‚
1097 1861 1141 1888 ac
1169 1846 1332 1892 justitia:
1363 1846 1635 1886 arbitrandum
1663 1858 1809 1897 propo·—

494 1903 627 1933 nitur.
1342 1905 1345 1907 ·

444 1946 477 1985 I.
506 1946 579 1984 An
595 1946 768 1987 Sacerdos
783 1952 994 1989 Dominicas
1007 1952 1141 2000 Stiglt'o
1161 1959 1225 2000 pro
1239 1952 1425 1989 obtinendo
1445 1950 1624 1995 Beneficio
1639 1976 1650 1994 ‚
1676 1955 1721 1990 de
1743 1965 1806 2000 quo

544 2003 665 2047 agitur
678 2026 689 2044 ‚
724 2011 889 2040 teneatur
903 2004 951 2040 ad
969 2005 1165 2041 audiendas
1196 2003 1414 2052 Conf'effiones
1440 2005 1479 2039 in
1496 2002 1652 2051 Ecclesia
1677 2007 1716 2042 S.
1734 2006 1807 2042 Eu-

535 2052 632 2100 sebia·
647 2052 714 2091 loci
728 2054 907 2099 Blanzati
922 2079 934 2096 ‚
967 2059 1004 2092 in
1021 2056 1102 2102 cufi&
1125 2059 1198 2099 &a
1221 2057 1262 2098 ἐγ
1278 2066 1447 2104 quatenus
1468 2055 1699 2102 affirmative.

444 2099 495 2143 II.
524 2104 652 2154 Anfit
666 2104 762 2149 locus
775 2106 1027 2158 dispensationi
1037 2107 1149 2158 super
1161 2108 1251 2144 diffie
1265 2120 1365 2145 onere
1381 2132 1392 2152 ‚
1413 2108 1452 2146 in
1465 2108 1550 2156 casia
1571 2110 1646 2151 &aa

68 2250 406 2299 S‘s5·24·⁶'⁰p·3·⁵'‘
540 2256 838 2302 ALENTINA
867 2293 877 2304 .
908 2262 1048 2313 Quum
1078 2276 1181 2304 anno
1215 2269 1329 2311 1763.
1366 2261 1549 2302 Vicarius
1585 2262 1799 2302 Generalis

67 2303 229 2349 ResW’n·
561 2312 693 2351 Curiae
712 2314 1082 2364 Archiepiscopalis
1110 2315 1315 2355 Valentia:
1335 2313 1640 2363 Archiepiscopi
1668 2315 1801 2353 nomi·

493 2376 542 2403 ne
558 2363 784 2405 vifitaverit
803 2367 1021 2407 Ecclesiam
1040 2366 1319 2407 parochialem
1352 2367 1388 2405 S.
1406 2366 1632 2404 Catharinae
1651 2366 1765 2415 Virg.
1785 2391 1799 2410 ‚

493 2415 531 2455 &
550 2415 673 2455 Mart.
701 2417 818 2457 dieta:
834 2419 1029 2459 Civitatis
1060 2446 1072 2461 ‚
1101 2432 1147 2458 ac
1176 2418 1420 2459 Sodalitium
1450 2417 1609 2456 Divinae
1635 2418 1798 2457 Pastorae

493 2469 674 2506 erec‘ium
693 2469 730 2507 in
747 2470 921 2509 Ecclefia
942 2470 1015 2511 ΡΡ.
1033 2471 1381 2518 (Jappuccinorum
1402 2478 1511 2507 extra
1527 2481 1664 2508 muros
1692 2471 1800 2515 ejusv

491 2517 584 2555 dem
615 2519 809 2561 Civitatis
833 2546 847 2564 ‚
878 2522 1051 2563 Ecclesia
1081 2522 1330 2561 Parochialis
1347 2546 1359 2565 ,
1377 2530 1552 2569 cogente
1568 2521 1692 2562 Curia.
1717 2521 1798 2559 Ar·

491 2569 777 2621 ehiepiscopali
796 2600 808 2618 ‚
826 2574 1123 2621 procurationis
1139 2573 1301 2612 nomine
1331 2573 1560 2621 persolvere
1588 2573 1726 2613 debuit
1743 2573 1798 2612 li·

489 2617 579 2656 bras
598 2634 687 2677 770.
708 2634 881 2664 monetae
901 2626 1012 2664 illius
1030 2626 1156 2674 Regni
1175 2624 1340 2664 Vicario
1361 2623 1556 2666 Generali
1572 2625 1763 2668 visitanti
1780 2651 1794 2671 ,

490 2681 536 2708 ac
553 2670 653 2709 'alias
681 2675 799 2714 libras
821 2690 905 2724 104.
941 2676 1053 2716 solid.
1071 2689 1108 2725 4.
1137 2675 1367 2723 Secretario
1392 2677 1572 2720 ejusdem
1589 2677 1796 2719 visitatio-

490 2720 552 2762 nis
570 2732 580 2759 ε
597 2721 842 2765 Sodalitium
854 2739 953 2768 vero
971 2729 1090 2768 libras
1111 2740 1175 2777 39.
1199 2727 1435 2769 &solidam
1729 2778 1767 2819 D

1772 2795 1792 2822 e
