<?xml version="1.0" encoding="UTF-8"?>
<!DOCTYPE html PUBLIC "-//W3C//DTD XHTML 1.0 Transitional//EN"
    "http://www.w3.org/TR/xhtml1/DTD/xhtml1-transitional.dtd">
<html xmlns="http://www.w3.org/1999/xhtml" xml:lang="en" lang="en">
 <head>
  <title>
</title>
<meta http-equiv="Content-Type" content="text/html;charset=utf-8" />
  <meta name='ocr-system' content='tesseract 3.04.00' />
  <meta name='ocr-capabilities' content='ocr_page ocr_carea ocr_par ocr_line ocrx_word'/>
</head>
<body>
  <div class='ocr_page' id='page_1' title='image "./thesaurusresolut36cath_0299.png"; bbox 0 0 2007 3005; ppageno 0'>
   <div class='ocr_carea' id='block_1_1' title="bbox 86 205 1454 2848">
    <p class='ocr_par' dir='ltr' id='par_1_1' title="bbox 135 205 1454 566">
     <span class='ocr_line' id='line_1_1' title="bbox 590 205 1454 255; baseline 0.002 -12"><span class='ocrx_word' id='word_1_1' title='bbox 590 209 646 244; x_wconf 79' lang='lat'>¹6.</span> <span class='ocrx_word' id='word_1_2' title='bbox 669 205 844 255; x_wconf 71' lang='lat' dir='ltr'>Jamtarii</span> <span class='ocrx_word' id='word_1_3' title='bbox 867 209 978 250; x_wconf 78' lang='lat'>1768,</span> <span class='ocrx_word' id='word_1_4' title='bbox 1408 220 1454 250; x_wconf 84' lang='lat'>23</span> 
     </span>
     <span class='ocr_line' id='line_1_2' title="bbox 136 251 1449 306; baseline 0.007 -17"><span class='ocrx_word' id='word_1_5' title='bbox 136 251 248 290; x_wconf 83' lang='lat' dir='ltr'>enim</span> <span class='ocrx_word' id='word_1_6' title='bbox 280 253 335 293; x_wconf 79' lang='lat' dir='ltr'>ita</span> <span class='ocrx_word' id='word_1_7' title='bbox 357 266 418 294; x_wconf 85' lang='lat' dir='ltr'>res</span> <span class='ocrx_word' id='word_1_8' title='bbox 447 257 484 295; x_wconf 86' lang='lat' dir='ltr'>se</span> <span class='ocrx_word' id='word_1_9' title='bbox 512 258 678 297; x_wconf 71' lang='lat' dir='ltr'>haberet</span> <span class='ocrx_word' id='word_1_10' title='bbox 696 282 707 300; x_wconf 79' lang='grc'><em>,</em></span> <span class='ocrx_word' id='word_1_11' title='bbox 741 259 912 306; x_wconf 79' lang='lat' dir='ltr'>idipsum</span> <span class='ocrx_word' id='word_1_12' title='bbox 948 257 1212 298; x_wconf 76' lang='lat' dir='ltr'>Beruardinus</span> <span class='ocrx_word' id='word_1_13' title='bbox 1241 259 1449 298; x_wconf 80' lang='lat' dir='ltr'>Narducci</span> 
     </span>
     <span class='ocr_line' id='line_1_3' title="bbox 137 305 1452 361; baseline 0.006 -19"><span class='ocrx_word' id='word_1_14' title='bbox 137 305 292 344; x_wconf 83' lang='lat' dir='ltr'>duobus</span> <span class='ocrx_word' id='word_1_15' title='bbox 309 307 454 346; x_wconf 84' lang='lat' dir='ltr'>abhinc</span> <span class='ocrx_word' id='word_1_16' title='bbox 474 318 583 348; x_wconf 88' lang='lat' dir='ltr'>retro</span> <span class='ocrx_word' id='word_1_17' title='bbox 601 311 711 348; x_wconf 72' lang='lat' dir='ltr'>anuis</span> <span class='ocrx_word' id='word_1_18' title='bbox 735 307 995 355; x_wconf 71' lang='lat' dir='ltr'>proposuiffet</span> <span class='ocrx_word' id='word_1_19' title='bbox 1017 337 1029 356; x_wconf 90' lang='lat'>,</span> <span class='ocrx_word' id='word_1_20' title='bbox 1063 312 1223 361; x_wconf 77' lang='lat' dir='ltr'>quando</span> <span class='ocrx_word' id='word_1_21' title='bbox 1258 312 1452 351; x_wconf 85' lang='lat' dir='ltr'>diuturna</span> 
     </span>
     <span class='ocr_line' id='line_1_4' title="bbox 138 357 1446 408; baseline 0.005 -13"><span class='ocrx_word' id='word_1_22' title='bbox 138 357 217 396; x_wconf 79' lang='lat' dir='ltr'>lite</span> <span class='ocrx_word' id='word_1_23' title='bbox 238 360 300 403; x_wconf 89' lang='lat' dir='ltr'>jus</span> <span class='ocrx_word' id='word_1_24' title='bbox 317 361 581 408; x_wconf 64' lang='lat' dir='ltr'>praesentandi</span> <span class='ocrx_word' id='word_1_25' title='bbox 599 363 664 400; x_wconf 82' lang='lat' dir='ltr'>fibi</span> <span class='ocrx_word' id='word_1_26' title='bbox 685 363 849 401; x_wconf 68' lang='lat' dir='ltr'>asseruit</span> <span class='ocrx_word' id='word_1_27' title='bbox 867 389 880 407; x_wconf 91' lang='lat'>‚</span> <span class='ocrx_word' id='word_1_28' title='bbox 906 364 944 402; x_wconf 67' lang='grc' dir='ltr'>δε</span> <span class='ocrx_word' id='word_1_29' title='bbox 963 362 1011 401; x_wconf 83' lang='lat' dir='ltr'>ad</span> <span class='ocrx_word' id='word_1_30' title='bbox 1046 363 1158 401; x_wconf 81' lang='lat' dir='ltr'>illam</span> <span class='ocrx_word' id='word_1_31' title='bbox 1174 364 1214 402; x_wconf 89' lang='lat' dir='ltr'>se</span> <span class='ocrx_word' id='word_1_32' title='bbox 1245 364 1446 402; x_wconf 85' lang='lat' dir='ltr'>nominari</span> 
     </span>
     <span class='ocr_line' id='line_1_5' title="bbox 137 410 1454 465; baseline 0.005 -17"><span class='ocrx_word' id='word_1_33' title='bbox 137 410 379 457; x_wconf 69' lang='lat' dir='ltr'>impetravit</span> <span class='ocrx_word' id='word_1_34' title='bbox 400 439 412 458; x_wconf 88' lang='lat'><strong>‚</strong></span> <span class='ocrx_word' id='word_1_35' title='bbox 432 422 475 452; x_wconf 89' lang='lat' dir='ltr'>ut</span> <span class='ocrx_word' id='word_1_36' title='bbox 496 426 567 462; x_wconf 87' lang='lat' dir='ltr'>pro</span> <span class='ocrx_word' id='word_1_37' title='bbox 583 414 710 453; x_wconf 86' lang='lat' dir='ltr'>titulo</span> <span class='ocrx_word' id='word_1_38' title='bbox 723 413 819 453; x_wconf 78' lang='lat' dir='ltr'>esset</span> <span class='ocrx_word' id='word_1_39' title='bbox 841 415 928 453; x_wconf 80' lang='lat' dir='ltr'>Sac.</span> <span class='ocrx_word' id='word_1_40' title='bbox 960 415 1246 454; x_wconf 80' lang='lat' dir='ltr'>Ordinationis</span> <span class='ocrx_word' id='word_1_41' title='bbox 1265 445 1274 454; x_wconf 87' lang='lat'>.</span> <span class='ocrx_word' id='word_1_42' title='bbox 1304 417 1454 465; x_wconf 78' lang='lat' dir='ltr'>Explo-</span> 
     </span>
     <span class='ocr_line' id='line_1_6' title="bbox 135 467 1454 517; baseline 0.005 -17"><span class='ocrx_word' id='word_1_43' title='bbox 135 471 269 501; x_wconf 85' lang='lat' dir='ltr'><strong>ratum</strong></span> <span class='ocrx_word' id='word_1_44' title='bbox 286 474 424 503; x_wconf 79' lang='lat' dir='ltr'>autem</span> <span class='ocrx_word' id='word_1_45' title='bbox 442 468 495 504; x_wconf 83' lang='lat' dir='ltr'>est</span> <span class='ocrx_word' id='word_1_46' title='bbox 514 491 526 509; x_wconf 87' lang='lat'><strong>‚</strong></span> <span class='ocrx_word' id='word_1_47' title='bbox 544 479 591 505; x_wconf 87' lang='lat' dir='ltr'>ne</span> <span class='ocrx_word' id='word_1_48' title='bbox 608 467 821 505; x_wconf 72' lang='lat' dir='ltr'>minimam</span> <span class='ocrx_word' id='word_1_49' title='bbox 839 467 1004 517; x_wconf 81' lang='lat' dir='ltr'>quidem</span> <span class='ocrx_word' id='word_1_50' title='bbox 1019 467 1068 506; x_wconf 88' lang='lat' dir='ltr'>de</span> <span class='ocrx_word' id='word_1_51' title='bbox 1087 468 1295 506; x_wconf 82' lang='lat' dir='ltr'>redituum</span> <span class='ocrx_word' id='word_1_52' title='bbox 1316 469 1454 506; x_wconf 76' lang='lat' dir='ltr'>immi-</span> 
     </span>
     <span class='ocr_line' id='line_1_7' title="bbox 137 515 939 566; baseline 0.009 -15"><span class='ocrx_word' id='word_1_53' title='bbox 137 515 306 555; x_wconf 84' lang='lat' dir='ltr'>nutione</span> <span class='ocrx_word' id='word_1_54' title='bbox 323 526 419 556; x_wconf 90' lang='lat' dir='ltr'>tunc</span> <span class='ocrx_word' id='word_1_55' title='bbox 438 518 639 566; x_wconf 71' lang='lat' dir='ltr'>profiliiffe</span> <span class='ocrx_word' id='word_1_56' title='bbox 658 519 911 558; x_wconf 79' lang='lat' dir='ltr'><strong>mentionem</strong></span> <span class='ocrx_word' id='word_1_57' title='bbox 929 549 939 558; x_wconf 92' lang='lat'><strong><em>.</em></strong></span> 
     </span>
    </p>

    <p class='ocr_par' dir='ltr' id='par_1_2' title="bbox 86 558 1453 1442">
     <span class='ocr_line' id='line_1_8' title="bbox 86 558 1448 622; baseline 0.004 -16"><span class='ocrx_word' id='word_1_58' title='bbox 86 558 250 607; x_wconf 82' lang='lat' dir='ltr'>Deinde</span> <span class='ocrx_word' id='word_1_59' title='bbox 269 571 447 609; x_wconf 83' lang='lat' dir='ltr'>constare</span> <span class='ocrx_word' id='word_1_60' title='bbox 464 594 478 613; x_wconf 90' lang='lat'>‚</span> <span class='ocrx_word' id='word_1_61' title='bbox 496 571 626 619; x_wconf 88' lang='lat' dir='ltr'>inquit</span> <span class='ocrx_word' id='word_1_62' title='bbox 642 597 654 614; x_wconf 88' lang='lat'>‚</span> <span class='ocrx_word' id='word_1_63' title='bbox 685 583 729 609; x_wconf 80' lang='lat' dir='ltr'>ex</span> <span class='ocrx_word' id='word_1_64' title='bbox 749 571 1044 622; x_wconf 83' lang='lat' dir='ltr'>inquilinorum</span> <span class='ocrx_word' id='word_1_65' title='bbox 1071 570 1305 611; x_wconf 87' lang='lat' dir='ltr'>testimonio</span> <span class='ocrx_word' id='word_1_66' title='bbox 1324 597 1336 615; x_wconf 89' lang='lat'>‚</span> <span class='ocrx_word' id='word_1_67' title='bbox 1374 572 1448 611; x_wconf 89' lang='lat' dir='ltr'>do-</span> 
     </span>
     <span class='ocr_line' id='line_1_9' title="bbox 141 620 1451 672; baseline 0.004 -14"><span class='ocrx_word' id='word_1_68' title='bbox 141 632 228 659; x_wconf 82' lang='lat' dir='ltr'>mos</span> <span class='ocrx_word' id='word_1_69' title='bbox 244 620 394 660; x_wconf 72' lang='lat' dir='ltr'>C-esani</span> <span class='ocrx_word' id='word_1_70' title='bbox 413 623 520 667; x_wconf 61' lang='lat' dir='ltr'>fitam,</span> <span class='ocrx_word' id='word_1_71' title='bbox 535 636 620 672; x_wconf 69' lang='lat' dir='ltr'>qua:</span> <span class='ocrx_word' id='word_1_72' title='bbox 640 623 749 671; x_wconf 69' lang='lat' dir='ltr'>prius</span> <span class='ocrx_word' id='word_1_73' title='bbox 766 624 1003 663; x_wconf 80' lang='lat' dir='ltr'>locabantur</span> <span class='ocrx_word' id='word_1_74' title='bbox 1021 624 1140 662; x_wconf 88' lang='lat' dir='ltr'>scutis</span> <span class='ocrx_word' id='word_1_75' title='bbox 1162 628 1221 666; x_wconf 80' lang='lat'>56.</span> <span class='ocrx_word' id='word_1_76' title='bbox 1249 638 1308 667; x_wconf 87' lang='lat'>50.</span> <span class='ocrx_word' id='word_1_77' title='bbox 1329 625 1451 664; x_wconf 90' lang='lat' dir='ltr'>modo</span> 
     </span>
     <span class='ocr_line' id='line_1_10' title="bbox 138 672 1449 725; baseline 0.004 -14"><span class='ocrx_word' id='word_1_78' title='bbox 138 672 307 711; x_wconf 80' lang='lat' dir='ltr'><strong>reddere</strong></span> <span class='ocrx_word' id='word_1_79' title='bbox 324 687 449 713; x_wconf 68' lang='lat' dir='ltr'>annui</span> <span class='ocrx_word' id='word_1_80' title='bbox 466 675 653 724; x_wconf 83' lang='lat' dir='ltr'>scuta&#39;48.</span> <span class='ocrx_word' id='word_1_81' title='bbox 679 688 739 719; x_wconf 82' lang='lat'>50.</span> <span class='ocrx_word' id='word_1_82' title='bbox 756 701 768 720; x_wconf 91' lang='lat'><strong>‚</strong></span> <span class='ocrx_word' id='word_1_83' title='bbox 785 688 869 725; x_wconf 78' lang='lat' dir='ltr'>quae</span> <span class='ocrx_word' id='word_1_84' title='bbox 885 675 1170 724; x_wconf 84' lang='lat' dir='ltr'>persolvuntur</span> <span class='ocrx_word' id='word_1_85' title='bbox 1190 674 1381 715; x_wconf 84' lang='lat' dir='ltr'>Liberato</span> <span class='ocrx_word' id='word_1_86' title='bbox 1399 676 1449 716; x_wconf 85' lang='lat' dir='ltr'>de</span> 
     </span>
     <span class='ocr_line' id='line_1_11' title="bbox 138 724 1449 776; baseline 0.003 -13"><span class='ocrx_word' id='word_1_87' title='bbox 138 724 366 764; x_wconf 79' lang='lat' dir='ltr'>Narduceis</span> <span class='ocrx_word' id='word_1_88' title='bbox 385 729 579 766; x_wconf 81' lang='lat' dir='ltr'>bonorum</span> <span class='ocrx_word' id='word_1_89' title='bbox 600 728 843 776; x_wconf 78' lang='lat' dir='ltr'>Capellaniae</span> <span class='ocrx_word' id='word_1_90' title='bbox 859 739 929 775; x_wconf 86' lang='lat' dir='ltr'>pro</span> <span class='ocrx_word' id='word_1_91' title='bbox 963 726 1207 765; x_wconf 76' lang='lat' dir='ltr'>Rei-nardino</span> <span class='ocrx_word' id='word_1_92' title='bbox 1223 727 1449 776; x_wconf 82' lang='lat' dir='ltr'>Capellano</span> 
     </span>
     <span class='ocr_line' id='line_1_12' title="bbox 135 777 1453 824; baseline 0.002 -8"><span class='ocrx_word' id='word_1_93' title='bbox 135 777 494 818; x_wconf 74' lang='lat' dir='ltr'>Administratori:</span> <span class='ocrx_word' id='word_1_94' title='bbox 523 780 712 818; x_wconf 74' lang='lat' dir='ltr'>Constare</span> <span class='ocrx_word' id='word_1_95' title='bbox 730 779 857 818; x_wconf 83' lang='lat' dir='ltr'>etiam</span> <span class='ocrx_word' id='word_1_96' title='bbox 875 790 921 817; x_wconf 82' lang='lat' dir='ltr'>ex</span> <span class='ocrx_word' id='word_1_97' title='bbox 936 777 1168 817; x_wconf 87' lang='lat' dir='ltr'>Peritorum</span> <span class='ocrx_word' id='word_1_98' title='bbox 1186 780 1358 824; x_wconf 84' lang='lat' dir='ltr'>judicio,</span> <span class='ocrx_word' id='word_1_99' title='bbox 1377 780 1453 819; x_wconf 86' lang='lat' dir='ltr'>Vi-</span> 
     </span>
     <span class='ocr_line' id='line_1_13' title="bbox 137 830 1448 880; baseline 0.004 -13"><span class='ocrx_word' id='word_1_100' title='bbox 137 841 256 867; x_wconf 79' lang='lat' dir='ltr'>neam</span> <span class='ocrx_word' id='word_1_101' title='bbox 274 855 287 873; x_wconf 86' lang='lat'>‚</span> <span class='ocrx_word' id='word_1_102' title='bbox 305 843 388 880; x_wconf 76' lang='lat' dir='ltr'>quae</span> <span class='ocrx_word' id='word_1_103' title='bbox 403 830 507 869; x_wconf 84' lang='lat' dir='ltr'>alter</span> <span class='ocrx_word' id='word_1_104' title='bbox 524 833 576 871; x_wconf 74' lang='lat' dir='ltr'>est</span> <span class='ocrx_word' id='word_1_105' title='bbox 590 843 636 870; x_wconf 85' lang='lat' dir='ltr'>ex</span> <span class='ocrx_word' id='word_1_106' title='bbox 655 830 790 870; x_wconf 86' lang='lat' dir='ltr'>fundis</span> <span class='ocrx_word' id='word_1_107' title='bbox 807 830 1056 879; x_wconf 71' lang='lat' dir='ltr'>Capellanioe</span> <span class='ocrx_word' id='word_1_108' title='bbox 1074 855 1087 873; x_wconf 86' lang='lat'><em>‚</em></span> <span class='ocrx_word' id='word_1_109' title='bbox 1120 831 1223 869; x_wconf 90' lang='lat' dir='ltr'>licet</span> <span class='ocrx_word' id='word_1_110' title='bbox 1244 832 1365 870; x_wconf 91' lang='lat' dir='ltr'>modo</span> <span class='ocrx_word' id='word_1_111' title='bbox 1382 845 1448 873; x_wconf 90' lang='lat' dir='ltr'>re-</span> 
     </span>
     <span class='ocr_line' id='line_1_14' title="bbox 138 881 1453 925; baseline 0.002 -6"><span class='ocrx_word' id='word_1_112' title='bbox 138 881 216 919; x_wconf 86' lang='lat' dir='ltr'>cisa</span> <span class='ocrx_word' id='word_1_113' title='bbox 229 883 275 920; x_wconf 83' lang='lat' dir='ltr'>fit</span> <span class='ocrx_word' id='word_1_114' title='bbox 294 907 306 925; x_wconf 89' lang='lat'>‚</span> <span class='ocrx_word' id='word_1_115' title='bbox 334 884 372 921; x_wconf 67' lang='lat'>&amp;-</span> <span class='ocrx_word' id='word_1_116' title='bbox 388 883 436 922; x_wconf 83' lang='lat' dir='ltr'>ad</span> <span class='ocrx_word' id='word_1_117' title='bbox 452 884 670 923; x_wconf 73' lang='lat' dir='ltr'>Olivetum</span> <span class='ocrx_word' id='word_1_118' title='bbox 690 883 847 922; x_wconf 66' lang='lat' dir='ltr'>redaeta</span> <span class='ocrx_word' id='word_1_119' title='bbox 865 905 877 925; x_wconf 88' lang='lat'><strong>‚</strong></span> <span class='ocrx_word' id='word_1_120' title='bbox 909 893 955 920; x_wconf 81' lang='lat' dir='ltr'>ex</span> <span class='ocrx_word' id='word_1_121' title='bbox 972 883 1102 920; x_wconf 80' lang='lat' dir='ltr'>herbis</span> <span class='ocrx_word' id='word_1_122' title='bbox 1119 882 1249 921; x_wconf 83' lang='lat' dir='ltr'>adhue</span> <span class='ocrx_word' id='word_1_123' title='bbox 1264 893 1453 922; x_wconf 83' lang='lat' dir='ltr'>tantum-</span> 
     </span>
     <span class='ocr_line' id='line_1_15' title="bbox 136 933 1452 983; baseline 0.002 -12"><span class='ocrx_word' id='word_1_124' title='bbox 136 933 261 972; x_wconf 81' lang='lat' dir='ltr'>modo</span> <span class='ocrx_word' id='word_1_125' title='bbox 277 934 419 973; x_wconf 75' lang='lat' dir='ltr'>aestivis</span> <span class='ocrx_word' id='word_1_126' title='bbox 439 961 451 979; x_wconf 84' lang='lat'>‚</span> <span class='ocrx_word' id='word_1_127' title='bbox 468 938 505 975; x_wconf 58' lang='grc' dir='ltr'>ἃ</span> <span class='ocrx_word' id='word_1_128' title='bbox 525 936 780 983; x_wconf 70' lang='lat' dir='ltr'>hyemalibus</span> <span class='ocrx_word' id='word_1_129' title='bbox 801 933 969 973; x_wconf 81' lang='lat' dir='ltr'>reddere</span> <span class='ocrx_word' id='word_1_130' title='bbox 987 945 1116 972; x_wconf 79' lang='lat' dir='ltr'>annua</span> <span class='ocrx_word' id='word_1_131' title='bbox 1134 934 1245 974; x_wconf 85' lang='lat' dir='ltr'>scuta</span> <span class='ocrx_word' id='word_1_132' title='bbox 1261 934 1325 983; x_wconf 88' lang='lat'>48.</span> <span class='ocrx_word' id='word_1_133' title='bbox 1341 935 1452 975; x_wconf 86' lang='lat' dir='ltr'>Con·</span> 
     </span>
     <span class='ocr_line' id='line_1_16' title="bbox 139 986 1453 1035; baseline 0.002 -12"><span class='ocrx_word' id='word_1_134' title='bbox 139 987 238 1024; x_wconf 83' lang='lat' dir='ltr'>stare</span> <span class='ocrx_word' id='word_1_135' title='bbox 255 987 422 1024; x_wconf 85' lang='lat' dir='ltr'>demum</span> <span class='ocrx_word' id='word_1_136' title='bbox 436 996 524 1026; x_wconf 90' lang='lat' dir='ltr'>tum</span> <span class='ocrx_word' id='word_1_137' title='bbox 540 1000 585 1027; x_wconf 83' lang='lat' dir='ltr'>ex</span> <span class='ocrx_word' id='word_1_138' title='bbox 616 987 868 1026; x_wconf 80' lang='lat' dir='ltr'>arundinetis</span> <span class='ocrx_word' id='word_1_139' title='bbox 883 1010 896 1029; x_wconf 81' lang='lat'>‚</span> <span class='ocrx_word' id='word_1_140' title='bbox 927 994 1015 1024; x_wconf 87' lang='lat' dir='ltr'>tum</span> <span class='ocrx_word' id='word_1_141' title='bbox 1035 998 1081 1025; x_wconf 86' lang='lat' dir='ltr'>ex</span> <span class='ocrx_word' id='word_1_142' title='bbox 1099 986 1190 1025; x_wconf 85' lang='lat' dir='ltr'>aliis</span> <span class='ocrx_word' id='word_1_143' title='bbox 1217 988 1420 1035; x_wconf 73' lang='lat' dir='ltr'>praediolis</span> <span class='ocrx_word' id='word_1_144' title='bbox 1439 1014 1453 1034; x_wconf 80' lang='lat'>,</span> 
     </span>
     <span class='ocr_line' id='line_1_17' title="bbox 137 1037 1450 1088; baseline 0.002 -12"><span class='ocrx_word' id='word_1_145' title='bbox 137 1046 227 1076; x_wconf 89' lang='lat' dir='ltr'>tum</span> <span class='ocrx_word' id='word_1_146' title='bbox 240 1049 286 1077; x_wconf 83' lang='lat' dir='ltr'>ex</span> <span class='ocrx_word' id='word_1_147' title='bbox 303 1038 426 1076; x_wconf 83' lang='lat' dir='ltr'>domo</span> <span class='ocrx_word' id='word_1_148' title='bbox 444 1039 615 1088; x_wconf 83' lang='lat' dir='ltr'>Agnetis</span> <span class='ocrx_word' id='word_1_149' title='bbox 634 1039 684 1078; x_wconf 88' lang='lat' dir='ltr'>de</span> <span class='ocrx_word' id='word_1_150' title='bbox 705 1038 839 1077; x_wconf 81' lang='lat' dir='ltr'>Paulis</span> <span class='ocrx_word' id='word_1_151' title='bbox 859 1037 994 1075; x_wconf 69' lang='lat' dir='ltr'>Roma:</span> <span class='ocrx_word' id='word_1_152' title='bbox 1014 1039 1305 1083; x_wconf 66' lang='lat' dir='ltr'>fita‚detractis</span> <span class='ocrx_word' id='word_1_153' title='bbox 1323 1041 1450 1080; x_wconf 83' lang='lat' dir='ltr'>etiam</span> 
     </span>
     <span class='ocr_line' id='line_1_18' title="bbox 137 1090 1451 1139; baseline 0.003 -12"><span class='ocrx_word' id='word_1_154' title='bbox 137 1090 260 1128; x_wconf 81' lang='lat' dir='ltr'>scutis</span> <span class='ocrx_word' id='word_1_155' title='bbox 275 1103 340 1133; x_wconf 80' lang='grc' dir='ltr'>3ο.</span> <span class='ocrx_word' id='word_1_156' title='bbox 360 1100 431 1136; x_wconf 84' lang='lat' dir='ltr'>pro</span> <span class='ocrx_word' id='word_1_157' title='bbox 451 1091 651 1130; x_wconf 87' lang='lat' dir='ltr'>solutione</span> <span class='ocrx_word' id='word_1_158' title='bbox 666 1090 817 1130; x_wconf 79' lang='lat' dir='ltr'>Census</span> <span class='ocrx_word' id='word_1_159' title='bbox 834 1102 964 1128; x_wconf 78' lang='lat' dir='ltr'>annua</span> <span class='ocrx_word' id='word_1_160' title='bbox 984 1091 1139 1139; x_wconf 75' lang='lat' dir='ltr'>percipi</span> <span class='ocrx_word' id='word_1_161' title='bbox 1162 1093 1271 1130; x_wconf 76' lang='lat' dir='ltr'>scuta</span> <span class='ocrx_word' id='word_1_162' title='bbox 1289 1099 1353 1131; x_wconf 85' lang='lat'>60.</span> <span class='ocrx_word' id='word_1_163' title='bbox 1371 1094 1451 1131; x_wconf 88' lang='lat' dir='ltr'>cir-</span> 
     </span>
     <span class='ocr_line' id='line_1_19' title="bbox 135 1142 1446 1192; baseline 0.004 -12"><span class='ocrx_word' id='word_1_164' title='bbox 135 1142 347 1192; x_wconf 76' lang='lat' dir='ltr'>c&#39;rter,quae</span> <span class='ocrx_word' id='word_1_165' title='bbox 362 1142 631 1191; x_wconf 83' lang='lat' dir='ltr'>superioribus</span> <span class='ocrx_word' id='word_1_166' title='bbox 648 1143 787 1182; x_wconf 80' lang='lat' dir='ltr'>addita</span> <span class='ocrx_word' id='word_1_167' title='bbox 806 1142 1004 1182; x_wconf 84' lang='lat' dir='ltr'>summam</span> <span class='ocrx_word' id='word_1_168' title='bbox 1015 1143 1185 1182; x_wconf 82' lang='lat' dir='ltr'>circiter</span> <span class='ocrx_word' id='word_1_169' title='bbox 1199 1144 1370 1184; x_wconf 67' lang='grc' dir='ltr'>[ουτοι-,ι</span> <span class='ocrx_word' id='word_1_170' title='bbox 1385 1158 1446 1192; x_wconf 80' lang='grc' dir='ltr'>ς9.</span> 
     </span>
     <span class='ocr_line' id='line_1_20' title="bbox 134 1193 1449 1248; baseline 0.005 -17"><span class='ocrx_word' id='word_1_171' title='bbox 134 1193 313 1237; x_wconf 72' lang='lat' dir='ltr'>conflant</span> <span class='ocrx_word' id='word_1_172' title='bbox 331 1224 341 1233; x_wconf 90' lang='lat'><strong>.</strong></span> <span class='ocrx_word' id='word_1_173' title='bbox 373 1194 424 1233; x_wconf 74' lang='lat' dir='ltr'>Ex</span> <span class='ocrx_word' id='word_1_174' title='bbox 446 1196 505 1234; x_wconf 83' lang='lat' dir='ltr'>his</span> <span class='ocrx_word' id='word_1_175' title='bbox 522 1197 548 1234; x_wconf 83' lang='lat' dir='ltr'>fi</span> <span class='ocrx_word' id='word_1_176' title='bbox 564 1195 783 1234; x_wconf 85' lang='lat' dir='ltr'>demantur</span> <span class='ocrx_word' id='word_1_177' title='bbox 812 1195 927 1234; x_wconf 86' lang='lat' dir='ltr'>scuta</span> <span class='ocrx_word' id='word_1_178' title='bbox 957 1196 1136 1245; x_wconf 87' lang='lat' dir='ltr'>quinque</span> <span class='ocrx_word' id='word_1_179' title='bbox 1154 1207 1225 1244; x_wconf 82' lang='lat' dir='ltr'>pro</span> <span class='ocrx_word' id='word_1_180' title='bbox 1259 1198 1449 1248; x_wconf 86' lang='lat' dir='ltr'>quolibet</span> 
     </span>
     <span class='ocr_line' id='line_1_21' title="bbox 132 1246 1449 1296; baseline 0.002 -12"><span class='ocrx_word' id='word_1_181' title='bbox 132 1247 372 1286; x_wconf 77' lang='lat' dir='ltr'>centenario</span> <span class='ocrx_word' id='word_1_182' title='bbox 389 1256 459 1291; x_wconf 85' lang='lat' dir='ltr'>‚ut</span> <span class='ocrx_word' id='word_1_183' title='bbox 475 1248 633 1296; x_wconf 78' lang='lat' dir='ltr'><strong>semper</strong></span> <span class='ocrx_word' id='word_1_184' title='bbox 648 1247 810 1287; x_wconf 90' lang='lat' dir='ltr'>censuit</span> <span class='ocrx_word' id='word_1_185' title='bbox 842 1248 962 1287; x_wconf 82' lang='lat' dir='ltr'>Sacra</span> <span class='ocrx_word' id='word_1_186' title='bbox 982 1246 1084 1286; x_wconf 84' lang='lat' dir='ltr'>Rota</span> <span class='ocrx_word' id='word_1_187' title='bbox 1101 1273 1114 1293; x_wconf 93' lang='lat'>,</span> <span class='ocrx_word' id='word_1_188' title='bbox 1148 1248 1274 1288; x_wconf 87' lang='lat' dir='ltr'>immo</span> <span class='ocrx_word' id='word_1_189' title='bbox 1293 1250 1449 1289; x_wconf 71' lang='lat' dir='ltr'>etiam...»</span> 
     </span>
     <span class='ocr_line' id='line_1_22' title="bbox 133 1298 1452 1350; baseline 0.004 -14"><span class='ocrx_word' id='word_1_190' title='bbox 133 1298 276 1338; x_wconf 81' lang='lat' dir='ltr'>decem</span> <span class='ocrx_word' id='word_1_191' title='bbox 295 1310 365 1343; x_wconf 80' lang='lat' dir='ltr'>pro</span> <span class='ocrx_word' id='word_1_192' title='bbox 384 1300 644 1338; x_wconf 71' lang='lat' dir='ltr'>restaurandis</span> <span class='ocrx_word' id='word_1_193' title='bbox 663 1299 850 1339; x_wconf 88' lang='lat' dir='ltr'>domibus</span> <span class='ocrx_word' id='word_1_194' title='bbox 869 1324 883 1344; x_wconf 81' lang='lat'>‚</span> <span class='ocrx_word' id='word_1_195' title='bbox 899 1299 1070 1349; x_wconf 85' lang='lat' dir='ltr'>aliisque</span> <span class='ocrx_word' id='word_1_196' title='bbox 1089 1302 1204 1339; x_wconf 80' lang='lat' dir='ltr'>bonis</span> <span class='ocrx_word' id='word_1_197' title='bbox 1224 1328 1241 1344; x_wconf 25' lang='grc' dir='ltr'>,ι</span> <span class='ocrx_word' id='word_1_198' title='bbox 1257 1300 1452 1350; x_wconf 70' lang='lat' dir='ltr'>supereffe</span> 
     </span>
     <span class='ocr_line' id='line_1_23' title="bbox 133 1351 1452 1403; baseline 0.003 -14"><span class='ocrx_word' id='word_1_199' title='bbox 133 1362 261 1389; x_wconf 78' lang='lat' dir='ltr'>annua</span> <span class='ocrx_word' id='word_1_200' title='bbox 278 1352 388 1389; x_wconf 88' lang='lat' dir='ltr'>scuta</span> <span class='ocrx_word' id='word_1_201' title='bbox 407 1365 494 1399; x_wconf 78' lang='lat'>140.</span> <span class='ocrx_word' id='word_1_202' title='bbox 511 1353 549 1390; x_wconf 48' lang='grc' dir='ltr'>ἃ</span> <span class='ocrx_word' id='word_1_203' title='bbox 568 1353 675 1390; x_wconf 88' lang='lat' dir='ltr'>ultra</span> <span class='ocrx_word' id='word_1_204' title='bbox 690 1376 704 1396; x_wconf 85' lang='lat'><strong>‚</strong></span> <span class='ocrx_word' id='word_1_205' title='bbox 739 1365 824 1403; x_wconf 81' lang='lat' dir='ltr'>quae</span> <span class='ocrx_word' id='word_1_206' title='bbox 842 1351 1055 1400; x_wconf 75' lang='lat' dir='ltr'>Capeliani</span> <span class='ocrx_word' id='word_1_207' title='bbox 1087 1355 1258 1393; x_wconf 58' lang='lat' dir='ltr'>honesta:</span> <span class='ocrx_word' id='word_1_208' title='bbox 1279 1355 1452 1394; x_wconf 78' lang='lat' dir='ltr'>substen-</span> 
     </span>
     <span class='ocr_line' id='line_1_24' title="bbox 137 1402 709 1442; baseline 0.002 -2"><span class='ocrx_word' id='word_1_209' title='bbox 137 1403 287 1441; x_wconf 87' lang='lat' dir='ltr'>tationi</span> <span class='ocrx_word' id='word_1_210' title='bbox 304 1403 460 1442; x_wconf 83' lang='lat' dir='ltr'>abunde</span> <span class='ocrx_word' id='word_1_211' title='bbox 478 1402 681 1442; x_wconf 84' lang='lat' dir='ltr'>sufficiunt</span> <span class='ocrx_word' id='word_1_212' title='bbox 697 1432 709 1441; x_wconf 91' lang='lat'>.</span> 
     </span>
    </p>

    <p class='ocr_par' dir='ltr' id='par_1_3' title="bbox 86 1451 1454 2491">
     <span class='ocr_line' id='line_1_25' title="bbox 86 1451 1454 1504; baseline 0.003 -12"><span class='ocrx_word' id='word_1_213' title='bbox 86 1452 176 1493; x_wconf 81' lang='lat' dir='ltr'>Nec</span> <span class='ocrx_word' id='word_1_214' title='bbox 193 1453 325 1494; x_wconf 84' lang='lat' dir='ltr'>obeffe</span> <span class='ocrx_word' id='word_1_215' title='bbox 341 1480 353 1497; x_wconf 85' lang='lat'>‚</span> <span class='ocrx_word' id='word_1_216' title='bbox 370 1454 438 1504; x_wconf 74' lang='lat' dir='ltr'>qui</span> <span class='ocrx_word' id='word_1_217' title='bbox 455 1456 491 1492; x_wconf 85' lang='lat' dir='ltr'>iu</span> <span class='ocrx_word' id='word_1_218' title='bbox 511 1456 736 1503; x_wconf 82' lang='lat' dir='ltr'>oppositum</span> <span class='ocrx_word' id='word_1_219' title='bbox 757 1452 981 1494; x_wconf 82' lang='lat' dir='ltr'>afferuntur</span> <span class='ocrx_word' id='word_1_220' title='bbox 999 1451 1161 1493; x_wconf 85' lang='lat' dir='ltr'>Testes:</span> <span class='ocrx_word' id='word_1_221' title='bbox 1179 1468 1271 1494; x_wconf 87' lang='lat' dir='ltr'>nam</span> <span class='ocrx_word' id='word_1_222' title='bbox 1291 1459 1358 1498; x_wconf 90' lang='lat' dir='ltr'>vel</span> <span class='ocrx_word' id='word_1_223' title='bbox 1377 1456 1454 1496; x_wconf 81' lang='lat' dir='ltr'>im-</span> 
     </span>
     <span class='ocr_line' id='line_1_26' title="bbox 137 1505 1453 1556; baseline 0.005 -14"><span class='ocrx_word' id='word_1_224' title='bbox 137 1506 289 1554; x_wconf 76' lang='lat' dir='ltr'>peritos</span> <span class='ocrx_word' id='word_1_225' title='bbox 306 1505 381 1545; x_wconf 73' lang='lat' dir='ltr'>esse</span> <span class='ocrx_word' id='word_1_226' title='bbox 400 1506 578 1556; x_wconf 83' lang='lat' dir='ltr'>reggerit</span> <span class='ocrx_word' id='word_1_227' title='bbox 598 1506 881 1545; x_wconf 85' lang='lat' dir='ltr'>Communitas</span> <span class='ocrx_word' id='word_1_228' title='bbox 898 1530 911 1549; x_wconf 85' lang='lat'>‚</span> <span class='ocrx_word' id='word_1_229' title='bbox 941 1508 1009 1544; x_wconf 84' lang='lat' dir='ltr'>vel</span> <span class='ocrx_word' id='word_1_230' title='bbox 1045 1519 1120 1545; x_wconf 86' lang='lat' dir='ltr'>non</span> <span class='ocrx_word' id='word_1_231' title='bbox 1152 1508 1247 1547; x_wconf 81' lang='lat' dir='ltr'>satis</span> <span class='ocrx_word' id='word_1_232' title='bbox 1276 1511 1343 1550; x_wconf 82' lang='lat' dir='ltr'>sibi</span> <span class='ocrx_word' id='word_1_233' title='bbox 1361 1523 1453 1549; x_wconf 87' lang='lat' dir='ltr'>con-</span> 
     </span>
     <span class='ocr_line' id='line_1_27' title="bbox 134 1558 1453 1609; baseline 0.002 -13"><span class='ocrx_word' id='word_1_234' title='bbox 134 1559 299 1603; x_wconf 85' lang='lat' dir='ltr'>stantes,</span> <span class='ocrx_word' id='word_1_235' title='bbox 315 1570 441 1608; x_wconf 87' lang='lat' dir='ltr'>quum</span> <span class='ocrx_word' id='word_1_236' title='bbox 459 1559 559 1598; x_wconf 78' lang='lat' dir='ltr'>alIas</span> <span class='ocrx_word' id='word_1_237' title='bbox 578 1559 829 1598; x_wconf 85' lang='lat' dir='ltr'>contrarium</span> <span class='ocrx_word' id='word_1_238' title='bbox 849 1558 1144 1597; x_wconf 81' lang='lat' dir='ltr'>affirmaverint</span> <span class='ocrx_word' id='word_1_239' title='bbox 1164 1572 1174 1598; x_wconf 72' lang='grc' dir='ltr'>ε</span> <span class='ocrx_word' id='word_1_240' title='bbox 1192 1561 1453 1609; x_wconf 77' lang='lat' dir='ltr'>Experimen-</span> 
     </span>
     <span class='ocr_line' id='line_1_28' title="bbox 136 1610 1451 1662; baseline 0.003 -15"><span class='ocrx_word' id='word_1_241' title='bbox 136 1619 226 1648; x_wconf 87' lang='lat' dir='ltr'>tum</span> <span class='ocrx_word' id='word_1_242' title='bbox 243 1610 295 1649; x_wconf 89' lang='lat' dir='ltr'>de</span> <span class='ocrx_word' id='word_1_243' title='bbox 312 1620 443 1649; x_wconf 84' lang='lat' dir='ltr'>rerum</span> <span class='ocrx_word' id='word_1_244' title='bbox 461 1610 647 1649; x_wconf 85' lang='lat' dir='ltr'>omnium</span> <span class='ocrx_word' id='word_1_245' title='bbox 676 1611 856 1650; x_wconf 76' lang='lat' dir='ltr'>veritate</span> <span class='ocrx_word' id='word_1_246' title='bbox 874 1635 886 1654; x_wconf 79' lang='lat'>‚</span> <span class='ocrx_word' id='word_1_247' title='bbox 916 1612 953 1650; x_wconf 63' lang='grc' dir='ltr'>ὃς</span> <span class='ocrx_word' id='word_1_248' title='bbox 971 1611 1180 1650; x_wconf 84' lang='lat' dir='ltr'>redituum</span> <span class='ocrx_word' id='word_1_249' title='bbox 1215 1615 1451 1662; x_wconf 79' lang='lat' dir='ltr'>quantitate</span> 
     </span>
     <span class='ocr_line' id='line_1_29' title="bbox 133 1660 1446 1716; baseline 0.003 -16"><span class='ocrx_word' id='word_1_250' title='bbox 133 1661 247 1701; x_wconf 74' lang='lat' dir='ltr'>facili</span> <span class='ocrx_word' id='word_1_251' title='bbox 277 1662 448 1712; x_wconf 85' lang='lat' dir='ltr'>negotio</span> <span class='ocrx_word' id='word_1_252' title='bbox 474 1662 610 1701; x_wconf 83' lang='lat' dir='ltr'>haberi</span> <span class='ocrx_word' id='word_1_253' title='bbox 641 1660 746 1711; x_wconf 65' lang='lat' dir='ltr'>posse</span> <span class='ocrx_word' id='word_1_254' title='bbox 765 1689 777 1707; x_wconf 90' lang='lat'><strong>‚</strong></span> <span class='ocrx_word' id='word_1_255' title='bbox 807 1664 833 1702; x_wconf 74' lang='lat' dir='ltr'>si</span> <span class='ocrx_word' id='word_1_256' title='bbox 851 1662 991 1701; x_wconf 62' lang='lat' dir='ltr'>Edicta</span> <span class='ocrx_word' id='word_1_257' title='bbox 1022 1661 1236 1710; x_wconf 81' lang='lat' dir='ltr'>affigantur</span> <span class='ocrx_word' id='word_1_258' title='bbox 1255 1690 1268 1709; x_wconf 87' lang='lat'>‚</span> <span class='ocrx_word' id='word_1_259' title='bbox 1303 1667 1446 1716; x_wconf 85' lang='lat' dir='ltr'>quibus</span> 
     </span>
     <span class='ocr_line' id='line_1_30' title="bbox 136 1713 1451 1770; baseline 0.003 -18"><span class='ocrx_word' id='word_1_260' title='bbox 136 1713 361 1753; x_wconf 81' lang='lat' dir='ltr'>Oblatores</span> <span class='ocrx_word' id='word_1_261' title='bbox 375 1713 422 1753; x_wconf 82' lang='lat' dir='ltr'>ad</span> <span class='ocrx_word' id='word_1_262' title='bbox 436 1714 745 1754; x_wconf 84' lang='lat' dir='ltr'>conducendum</span> <span class='ocrx_word' id='word_1_263' title='bbox 765 1716 832 1754; x_wconf 80' lang='lat' dir='ltr'>vel</span> <span class='ocrx_word' id='word_1_264' title='bbox 849 1715 886 1752; x_wconf 85' lang='lat' dir='ltr'>in</span> <span class='ocrx_word' id='word_1_265' title='bbox 902 1714 1153 1770; x_wconf 61' lang='lat' dir='ltr'>locationem</span> <span class='ocrx_word' id='word_1_266' title='bbox 1172 1742 1183 1760; x_wconf 84' lang='lat'><strong>‚</strong></span> <span class='ocrx_word' id='word_1_267' title='bbox 1212 1717 1278 1756; x_wconf 86' lang='lat' dir='ltr'>vel</span> <span class='ocrx_word' id='word_1_268' title='bbox 1299 1717 1337 1756; x_wconf 86' lang='lat' dir='ltr'>iri</span> <span class='ocrx_word' id='word_1_269' title='bbox 1355 1718 1451 1756; x_wconf 80' lang='lat' dir='ltr'>Em-</span> 
     </span>
     <span class='ocr_line' id='line_1_31' title="bbox 132 1765 1448 1817; baseline 0.003 -13"><span class='ocrx_word' id='word_1_270' title='bbox 132 1767 361 1814; x_wconf 81' lang='lat' dir='ltr'>phyteusim</span> <span class='ocrx_word' id='word_1_271' title='bbox 379 1765 627 1815; x_wconf 72' lang='lat' dir='ltr'>Capellaniae</span> <span class='ocrx_word' id='word_1_272' title='bbox 663 1768 762 1810; x_wconf 81' lang='lat' dir='ltr'>bona</span> <span class='ocrx_word' id='word_1_273' title='bbox 790 1766 1056 1805; x_wconf 78' lang='lat' dir='ltr'>alliciantur:</span> <span class='ocrx_word' id='word_1_274' title='bbox 1087 1768 1148 1817; x_wconf 63' lang='lat' dir='ltr'>Exg</span> <span class='ocrx_word' id='word_1_275' title='bbox 1176 1769 1448 1810; x_wconf 76' lang='lat' dir='ltr'>oblationibus</span> 
     </span>
     <span class='ocr_line' id='line_1_32' title="bbox 135 1817 1446 1869; baseline 0.005 -14"><span class='ocrx_word' id='word_1_276' title='bbox 135 1817 388 1857; x_wconf 75' lang='lat' dir='ltr'>manifestum</span> <span class='ocrx_word' id='word_1_277' title='bbox 404 1819 488 1858; x_wconf 86' lang='lat' dir='ltr'>fieri</span> <span class='ocrx_word' id='word_1_278' title='bbox 505 1844 519 1862; x_wconf 82' lang='lat'>‚</span> <span class='ocrx_word' id='word_1_279' title='bbox 532 1819 601 1869; x_wconf 86' lang='lat' dir='ltr'>qui</span> <span class='ocrx_word' id='word_1_280' title='bbox 618 1819 690 1857; x_wconf 76' lang='lat' dir='ltr'>sint</span> <span class='ocrx_word' id='word_1_281' title='bbox 707 1819 956 1868; x_wconf 74' lang='lat' dir='ltr'>Capellanioe</span> <span class='ocrx_word' id='word_1_282' title='bbox 974 1818 1162 1866; x_wconf 48' lang='lat' dir='ltr'>reditus,</span> <span class='ocrx_word' id='word_1_283' title='bbox 1180 1823 1218 1861; x_wconf 75' lang='lat' dir='ltr'>Sc</span> <span class='ocrx_word' id='word_1_284' title='bbox 1236 1834 1333 1860; x_wconf 86' lang='lat' dir='ltr'>num</span> <span class='ocrx_word' id='word_1_285' title='bbox 1351 1823 1446 1861; x_wconf 87' lang='lat' dir='ltr'>satis</span> 
     </span>
     <span class='ocr_line' id='line_1_33' title="bbox 134 1869 1445 1919; baseline 0.005 -11"><span class='ocrx_word' id='word_1_286' title='bbox 134 1881 249 1918; x_wconf 75' lang='lat' dir='ltr'>pares</span> <span class='ocrx_word' id='word_1_287' title='bbox 260 1870 342 1909; x_wconf 90' lang='lat' dir='ltr'>dici</span> <span class='ocrx_word' id='word_1_288' title='bbox 359 1870 503 1918; x_wconf 81' lang='lat' dir='ltr'>poffint</span> <span class='ocrx_word' id='word_1_289' title='bbox 519 1871 774 1910; x_wconf 80' lang='lat' dir='ltr'>sustentando</span> <span class='ocrx_word' id='word_1_290' title='bbox 789 1871 1013 1919; x_wconf 82' lang='lat' dir='ltr'>Capellano</span> <span class='ocrx_word' id='word_1_291' title='bbox 1030 1898 1040 1916; x_wconf 88' lang='lat'>‚</span> <span class='ocrx_word' id='word_1_292' title='bbox 1062 1869 1126 1919; x_wconf 59' lang='lat' dir='ltr'>efai</span> <span class='ocrx_word' id='word_1_293' title='bbox 1142 1886 1240 1912; x_wconf 78' lang='lat' dir='ltr'>onus</span> <span class='ocrx_word' id='word_1_294' title='bbox 1258 1875 1302 1914; x_wconf 74' lang='lat' dir='ltr'>fit</span> <span class='ocrx_word' id='word_1_295' title='bbox 1321 1873 1445 1914; x_wconf 77' lang='lat' dir='ltr'>Paro-</span> 
     </span>
     <span class='ocr_line' id='line_1_34' title="bbox 133 1923 1439 1973; baseline 0.005 -13"><span class='ocrx_word' id='word_1_296' title='bbox 133 1925 254 1961; x_wconf 87' lang='lat' dir='ltr'>chum</span> <span class='ocrx_word' id='word_1_297' title='bbox 270 1923 538 1967; x_wconf 75' lang='lat' dir='ltr'>coadjuvaudi</span> <span class='ocrx_word' id='word_1_298' title='bbox 556 1923 594 1962; x_wconf 87' lang='lat' dir='ltr'>iri</span> <span class='ocrx_word' id='word_1_299' title='bbox 608 1923 714 1962; x_wconf 75' lang='lat' dir='ltr'>Cura</span> <span class='ocrx_word' id='word_1_300' title='bbox 733 1924 974 1962; x_wconf 79' lang='lat' dir='ltr'>Animarum</span> <span class='ocrx_word' id='word_1_301' title='bbox 989 1953 997 1963; x_wconf 88' lang='lat'><em>.</em></span> <span class='ocrx_word' id='word_1_302' title='bbox 1028 1924 1151 1973; x_wconf 58' lang='lat' dir='ltr'>Quod</span> <span class='ocrx_word' id='word_1_303' title='bbox 1167 1926 1192 1964; x_wconf 84' lang='lat' dir='ltr'>fi</span> <span class='ocrx_word' id='word_1_304' title='bbox 1207 1926 1439 1966; x_wconf 84' lang='lat' dir='ltr'>licitatores</span> 
     </span>
     <span class='ocr_line' id='line_1_35' title="bbox 135 1974 1445 2024; baseline 0.006 -14"><span class='ocrx_word' id='word_1_305' title='bbox 135 1985 213 2011; x_wconf 85' lang='lat' dir='ltr'>non</span> <span class='ocrx_word' id='word_1_306' title='bbox 229 1974 534 2020; x_wconf 72' lang='lat' dir='ltr'>confluant‚ipsa</span> <span class='ocrx_word' id='word_1_307' title='bbox 551 1975 703 2014; x_wconf 72' lang='lat' dir='ltr'>Caesani</span> <span class='ocrx_word' id='word_1_308' title='bbox 718 1975 1004 2014; x_wconf 78' lang='lat' dir='ltr'>communitas</span> <span class='ocrx_word' id='word_1_309' title='bbox 1023 1987 1254 2024; x_wconf 84' lang='lat' dir='ltr'>promptam</span> <span class='ocrx_word' id='word_1_310' title='bbox 1274 1979 1310 2018; x_wconf 87' lang='lat' dir='ltr'>se</span> <span class='ocrx_word' id='word_1_311' title='bbox 1331 1980 1445 2018; x_wconf 85' lang='lat' dir='ltr'>exhi-</span> 
     </span>
     <span class='ocr_line' id='line_1_36' title="bbox 137 2024 1448 2077; baseline 0.006 -15"><span class='ocrx_word' id='word_1_312' title='bbox 137 2025 206 2063; x_wconf 88' lang='lat' dir='ltr'>bet</span> <span class='ocrx_word' id='word_1_313' title='bbox 222 2024 270 2062; x_wconf 81' lang='lat' dir='ltr'>ad</span> <span class='ocrx_word' id='word_1_314' title='bbox 286 2026 577 2073; x_wconf 76' lang='lat' dir='ltr'>suscipiendam</span> <span class='ocrx_word' id='word_1_315' title='bbox 591 2037 829 2077; x_wconf 85' lang='lat' dir='ltr'>perpetuam</span> <span class='ocrx_word' id='word_1_316' title='bbox 843 2028 1236 2070; x_wconf 81' lang='lat' dir='ltr'>acl-ministrationem</span> <span class='ocrx_word' id='word_1_317' title='bbox 1252 2033 1448 2070; x_wconf 85' lang='lat' dir='ltr'>bonorum</span> 
     </span>
     <span class='ocr_line' id='line_1_37' title="bbox 138 2077 1444 2134; baseline 0.006 -19"><span class='ocrx_word' id='word_1_318' title='bbox 138 2077 388 2124; x_wconf 75' lang='lat' dir='ltr'>Capellaniae</span> <span class='ocrx_word' id='word_1_319' title='bbox 404 2103 416 2121; x_wconf 83' lang='lat'>‚</span> <span class='ocrx_word' id='word_1_320' title='bbox 431 2079 468 2116; x_wconf 64' lang='grc' dir='ltr'>ὃς</span> <span class='ocrx_word' id='word_1_321' title='bbox 482 2090 701 2126; x_wconf 83' lang='lat' dir='ltr'>congruam</span> <span class='ocrx_word' id='word_1_322' title='bbox 731 2079 955 2128; x_wconf 70' lang='lat' dir='ltr'>Capeliano</span> <span class='ocrx_word' id='word_1_323' title='bbox 987 2082 1292 2129; x_wconf 79' lang='lat' dir='ltr'>persolvendam</span> <span class='ocrx_word' id='word_1_324' title='bbox 1310 2109 1323 2127; x_wconf 82' lang='lat'>‚</span> <span class='ocrx_word' id='word_1_325' title='bbox 1358 2096 1444 2134; x_wconf 65' lang='lat' dir='ltr'>qua:</span> 
     </span>
     <span class='ocr_line' id='line_1_38' title="bbox 133 2124 1447 2178; baseline 0.007 -13"><span class='ocrx_word' id='word_1_326' title='bbox 133 2124 304 2166; x_wconf 76' lang='lat' dir='ltr'>vicario</span> <span class='ocrx_word' id='word_1_327' title='bbox 320 2129 562 2173; x_wconf 79' lang='lat' dir='ltr'>Coadiutori</span> <span class='ocrx_word' id='word_1_328' title='bbox 575 2132 846 2178; x_wconf 82' lang='lat' dir='ltr'>amovibilisit</span> <span class='ocrx_word' id='word_1_329' title='bbox 863 2132 955 2171; x_wconf 84' lang='lat' dir='ltr'>satis</span> <span class='ocrx_word' id='word_1_330' title='bbox 974 2133 1022 2170; x_wconf 87' lang='lat' dir='ltr'>ad</span> <span class='ocrx_word' id='word_1_331' title='bbox 1039 2136 1240 2173; x_wconf 78' lang='lat' dir='ltr'>honestam</span> <span class='ocrx_word' id='word_1_332' title='bbox 1254 2137 1447 2175; x_wconf 83' lang='lat' dir='ltr'>sustenta-</span> 
     </span>
     <span class='ocr_line' id='line_1_39' title="bbox 137 2180 1445 2238; baseline 0.007 -21"><span class='ocrx_word' id='word_1_333' title='bbox 137 2180 293 2218; x_wconf 87' lang='lat' dir='ltr'>tionem</span> <span class='ocrx_word' id='word_1_334' title='bbox 311 2180 530 2220; x_wconf 72' lang='lat' dir='ltr'>secundum</span> <span class='ocrx_word' id='word_1_335' title='bbox 546 2193 700 2221; x_wconf 88' lang='lat' dir='ltr'>morem</span> <span class='ocrx_word' id='word_1_336' title='bbox 714 2184 752 2222; x_wconf 87' lang='lat' dir='ltr'>in</span> <span class='ocrx_word' id='word_1_337' title='bbox 765 2184 955 2223; x_wconf 79' lang='lat' dir='ltr'>finitimis</span> <span class='ocrx_word' id='word_1_338' title='bbox 983 2185 1097 2235; x_wconf 77' lang='lat' dir='ltr'>Pagis</span> <span class='ocrx_word' id='word_1_339' title='bbox 1111 2212 1123 2231; x_wconf 85' lang='lat'>‚</span> <span class='ocrx_word' id='word_1_340' title='bbox 1151 2186 1331 2238; x_wconf 83' lang='lat' dir='ltr'>locisque</span> <span class='ocrx_word' id='word_1_341' title='bbox 1363 2189 1445 2226; x_wconf 81' lang='lat' dir='ltr'>ser-</span> 
     </span>
     <span class='ocr_line' id='line_1_40' title="bbox 138 2232 1446 2287; baseline 0.005 -17"><span class='ocrx_word' id='word_1_342' title='bbox 138 2242 295 2277; x_wconf 77' lang='lat' dir='ltr'>vatum,</span> <span class='ocrx_word' id='word_1_343' title='bbox 311 2235 376 2272; x_wconf 88' lang='lat' dir='ltr'>vel</span> <span class='ocrx_word' id='word_1_344' title='bbox 397 2235 444 2271; x_wconf 87' lang='lat' dir='ltr'>ab</span> <span class='ocrx_word' id='word_1_345' title='bbox 458 2232 538 2270; x_wconf 81' lang='grc' dir='ltr'>[ΞΕ.</span> <span class='ocrx_word' id='word_1_346' title='bbox 554 2233 627 2274; x_wconf 87' lang='grc' dir='ltr'>ΡΡ.</span> <span class='ocrx_word' id='word_1_347' title='bbox 641 2234 961 2279; x_wconf 66' lang='lat' dir='ltr'>decernendam,</span> <span class='ocrx_word' id='word_1_348' title='bbox 975 2251 1148 2287; x_wconf 87' lang='lat' dir='ltr'>quorum</span> <span class='ocrx_word' id='word_1_349' title='bbox 1164 2239 1338 2277; x_wconf 72' lang='lat' dir='ltr'>arbitrio</span> <span class='ocrx_word' id='word_1_350' title='bbox 1352 2251 1446 2287; x_wconf 84' lang='lat' dir='ltr'>pen-</span> 
     </span>
     <span class='ocr_line' id='line_1_41' title="bbox 135 2283 1440 2337; baseline 0.005 -16"><span class='ocrx_word' id='word_1_351' title='bbox 135 2283 207 2322; x_wconf 88' lang='lat' dir='ltr'>det</span> <span class='ocrx_word' id='word_1_352' title='bbox 225 2283 378 2324; x_wconf 84' lang='lat' dir='ltr'>Vicarii</span> <span class='ocrx_word' id='word_1_353' title='bbox 394 2296 612 2334; x_wconf 86' lang='lat' dir='ltr'>congruam</span> <span class='ocrx_word' id='word_1_354' title='bbox 628 2284 793 2326; x_wconf 77' lang='lat' dir='ltr'>definire</span> <span class='ocrx_word' id='word_1_355' title='bbox 811 2313 823 2330; x_wconf 77' lang='lat'>,</span> <span class='ocrx_word' id='word_1_356' title='bbox 850 2291 1008 2327; x_wconf 68' lang='lat' dir='ltr'>Navar,</span> <span class='ocrx_word' id='word_1_357' title='bbox 1024 2292 1071 2326; x_wconf 82' lang='lat' dir='ltr'>de</span> <span class='ocrx_word' id='word_1_358' title='bbox 1082 2301 1174 2328; x_wconf 78' lang='lat' dir='ltr'>orat.</span> <span class='ocrx_word' id='word_1_359' title='bbox 1193 2291 1339 2337; x_wconf 79' lang='lat' dir='ltr'>miscell.</span> <span class='ocrx_word' id='word_1_360' title='bbox 1358 2295 1440 2334; x_wconf 81' lang='lat'><strong>62.,</strong></span> 
     </span>
     <span class='ocr_line' id='line_1_42' title="bbox 137 2335 1442 2387; baseline 0.003 -13"><span class='ocrx_word' id='word_1_361' title='bbox 137 2337 337 2382; x_wconf 67' lang='lat' dir='ltr'>Gonzstl&#39;ez,</span> <span class='ocrx_word' id='word_1_362' title='bbox 349 2339 402 2375; x_wconf 77' lang='lat' dir='ltr'>ad</span> <span class='ocrx_word' id='word_1_363' title='bbox 411 2343 523 2387; x_wconf 83' lang='lat' dir='ltr'>reg.8.</span> <span class='ocrx_word' id='word_1_364' title='bbox 543 2335 839 2385; x_wconf 69' lang='lat' dir='ltr'>Cancell.g10lJ:1</span> <span class='ocrx_word' id='word_1_365' title='bbox 851 2352 883 2382; x_wconf 68' lang='grc' dir='ltr'>ς’,</span> <span class='ocrx_word' id='word_1_366' title='bbox 903 2355 997 2380; x_wconf 74' lang='lat' dir='ltr'>nura.</span> <span class='ocrx_word' id='word_1_367' title='bbox 1007 2355 1022 2383; x_wconf 83' lang='lat'><em>3</em></span> <span class='ocrx_word' id='word_1_368' title='bbox 1032 2357 1067 2386; x_wconf 84' lang='lat'>9.</span> <span class='ocrx_word' id='word_1_369' title='bbox 1086 2368 1098 2386; x_wconf 90' lang='lat'>,</span> <span class='ocrx_word' id='word_1_370' title='bbox 1128 2345 1290 2385; x_wconf 54' lang='lat' dir='ltr'>Garmias</span> <span class='ocrx_word' id='word_1_371' title='bbox 1307 2343 1352 2378; x_wconf 83' lang='lat' dir='ltr'>de</span> <span class='ocrx_word' id='word_1_372' title='bbox 1369 2344 1442 2379; x_wconf 82' lang='lat' dir='ltr'>Be·</span> 
     </span>
     <span class='ocr_line' id='line_1_43' title="bbox 136 2389 1436 2440; baseline 0.005 -14"><span class='ocrx_word' id='word_1_373' title='bbox 136 2389 209 2435; x_wconf 69' lang='lat' dir='ltr'>nef.</span> <span class='ocrx_word' id='word_1_374' title='bbox 220 2397 322 2437; x_wconf 71' lang='lat' dir='ltr'>paru</span> <span class='ocrx_word' id='word_1_375' title='bbox 333 2404 368 2428; x_wconf 81' lang='lat'>1.</span> <span class='ocrx_word' id='word_1_376' title='bbox 382 2400 499 2440; x_wconf 60' lang='grc' dir='ltr'>σεεμς.</span> <span class='ocrx_word' id='word_1_377' title='bbox 517 2402 707 2432; x_wconf 61' lang='lat' dir='ltr'>nunno.</span> <span class='ocrx_word' id='word_1_378' title='bbox 727 2414 740 2433; x_wconf 89' lang='lat'>,</span> <span class='ocrx_word' id='word_1_379' title='bbox 753 2392 898 2438; x_wconf 66' lang='lat' dir='ltr'>Barba-s.</span> <span class='ocrx_word' id='word_1_380' title='bbox 916 2396 954 2428; x_wconf 82' lang='lat' dir='ltr'>in</span> <span class='ocrx_word' id='word_1_381' title='bbox 966 2394 1099 2432; x_wconf 62' lang='lat' dir='ltr'>colleae.</span> <span class='ocrx_word' id='word_1_382' title='bbox 1118 2396 1219 2432; x_wconf 49' lang='lat' dir='ltr'>DDv</span> <span class='ocrx_word' id='word_1_383' title='bbox 1244 2395 1286 2431; x_wconf 80' lang='lat' dir='ltr'>in</span> <span class='ocrx_word' id='word_1_384' title='bbox 1302 2394 1436 2433; x_wconf 77' lang='lat' dir='ltr'>concil.</span> 
     </span>
     <span class='ocr_line' id='line_1_44' title="bbox 139 2442 1054 2491; baseline 0.004 -12"><span class='ocrx_word' id='word_1_385' title='bbox 139 2443 173 2479; x_wconf 78' lang='lat' dir='ltr'><em>T</em></span> <span class='ocrx_word' id='word_1_386' title='bbox 171 2443 307 2481; x_wconf 74' lang='lat' dir='ltr'>rident.</span> <span class='ocrx_word' id='word_1_387' title='bbox 314 2442 470 2491; x_wconf 75' lang='lat' dir='ltr'>seffi24.</span> <span class='ocrx_word' id='word_1_388' title='bbox 486 2445 531 2480; x_wconf 75' lang='lat' dir='ltr'>de</span> <span class='ocrx_word' id='word_1_389' title='bbox 546 2442 706 2489; x_wconf 83' lang='lat' dir='ltr'>Reform.</span> <span class='ocrx_word' id='word_1_390' title='bbox 728 2451 801 2490; x_wconf 86' lang='lat' dir='ltr'>cap.</span> <span class='ocrx_word' id='word_1_391' title='bbox 812 2455 869 2487; x_wconf 72' lang='lat'>17.</span> <span class='ocrx_word' id='word_1_392' title='bbox 887 2457 982 2483; x_wconf 70' lang='lat' dir='ltr'>nune.</span> <span class='ocrx_word' id='word_1_393' title='bbox 993 2457 1054 2490; x_wconf 84' lang='lat'>¹7·</span> 
     </span>
    </p>

    <p class='ocr_par' dir='ltr' id='par_1_4' title="bbox 88 2492 1448 2848">
     <span class='ocr_line' id='line_1_45' title="bbox 88 2492 1443 2543; baseline 0.004 -13"><span class='ocrx_word' id='word_1_394' title='bbox 88 2492 126 2530; x_wconf 87' lang='lat' dir='ltr'>Si</span> <span class='ocrx_word' id='word_1_395' title='bbox 144 2494 304 2543; x_wconf 74' lang='lat' dir='ltr'>quaestio</span> <span class='ocrx_word' id='word_1_396' title='bbox 322 2493 432 2533; x_wconf 86' lang='lat' dir='ltr'>foret</span> <span class='ocrx_word' id='word_1_397' title='bbox 448 2493 688 2534; x_wconf 80' lang='lat' dir='ltr'>instituenda</span> <span class='ocrx_word' id='word_1_398' title='bbox 704 2493 754 2532; x_wconf 88' lang='lat' dir='ltr'>de</span> <span class='ocrx_word' id='word_1_399' title='bbox 772 2503 913 2532; x_wconf 79' lang='lat' dir='ltr'>natura</span> <span class='ocrx_word' id='word_1_400' title='bbox 930 2495 1183 2543; x_wconf 68' lang='lat' dir='ltr'>Capellam-e·</span> <span class='ocrx_word' id='word_1_401' title='bbox 1196 2497 1243 2534; x_wconf 83' lang='lat' dir='ltr'>ab</span> <span class='ocrx_word' id='word_1_402' title='bbox 1256 2496 1443 2536; x_wconf 84' lang='lat' dir='ltr'>Antonio</span> 
     </span>
     <span class='ocr_line' id='line_1_46' title="bbox 142 2546 1448 2597; baseline 0.004 -15"><span class='ocrx_word' id='word_1_403' title='bbox 142 2546 342 2585; x_wconf 84' lang='lat' dir='ltr'>Serbaroli</span> <span class='ocrx_word' id='word_1_404' title='bbox 365 2547 565 2595; x_wconf 78' lang='lat' dir='ltr'>imperata</span> <span class='ocrx_word' id='word_1_405' title='bbox 581 2571 598 2591; x_wconf 74' lang='lat'>‚¹</span> <span class='ocrx_word' id='word_1_406' title='bbox 619 2546 788 2585; x_wconf 84' lang='lat' dir='ltr'>dubium·</span> <span class='ocrx_word' id='word_1_407' title='bbox 818 2557 893 2583; x_wconf 86' lang='lat' dir='ltr'>non</span> <span class='ocrx_word' id='word_1_408' title='bbox 913 2546 1008 2591; x_wconf 80' lang='lat' dir='ltr'>effet</span> <span class='ocrx_word' id='word_1_409' title='bbox 1025 2572 1039 2591; x_wconf 91' lang='lat'>‚</span> <span class='ocrx_word' id='word_1_410' title='bbox 1064 2548 1161 2597; x_wconf 78' lang='lat' dir='ltr'>quin</span> <span class='ocrx_word' id='word_1_411' title='bbox 1194 2548 1448 2588; x_wconf 76' lang='lat' dir='ltr'>intellexerit</span> 
     </span>
     <span class='ocr_line' id='line_1_47' title="bbox 136 2597 1444 2647; baseline 0.002 -10"><span class='ocrx_word' id='word_1_412' title='bbox 136 2598 417 2647; x_wconf 82' lang='lat' dir='ltr'>Capellaniam</span> <span class='ocrx_word' id='word_1_413' title='bbox 430 2610 542 2639; x_wconf 87' lang='lat' dir='ltr'>mere</span> <span class='ocrx_word' id='word_1_414' title='bbox 557 2597 750 2637; x_wconf 74' lang='lat' dir='ltr'>laicalem</span> <span class='ocrx_word' id='word_1_415' title='bbox 770 2597 976 2638; x_wconf 84' lang='lat' dir='ltr'>instituere</span> <span class='ocrx_word' id='word_1_416' title='bbox 991 2628 1000 2637; x_wconf 88' lang='lat'><em>.</em></span> <span class='ocrx_word' id='word_1_417' title='bbox 1031 2599 1194 2637; x_wconf 83' lang='lat' dir='ltr'>Etenim</span> <span class='ocrx_word' id='word_1_418' title='bbox 1224 2600 1444 2640; x_wconf 87' lang='lat' dir='ltr'>secundum</span> 
     </span>
     <span class='ocr_line' id='line_1_48' title="bbox 140 2648 1444 2702; baseline 0.003 -14"><span class='ocrx_word' id='word_1_419' title='bbox 140 2653 300 2699; x_wconf 78' lang='lat' dir='ltr'>regulas</span> <span class='ocrx_word' id='word_1_420' title='bbox 318 2676 331 2695; x_wconf 87' lang='lat'><strong>‚</strong></span> <span class='ocrx_word' id='word_1_421' title='bbox 350 2664 435 2702; x_wconf 78' lang='lat' dir='ltr'>quae</span> <span class='ocrx_word' id='word_1_422' title='bbox 450 2663 472 2690; x_wconf 86' lang='lat' dir='ltr'>a</span> <span class='ocrx_word' id='word_1_423' title='bbox 486 2650 729 2689; x_wconf 58' lang='lat' dir='ltr'>Dostoribus</span> <span class='ocrx_word' id='word_1_424' title='bbox 756 2648 895 2698; x_wconf 75' lang='lat' dir='ltr'>passim</span> <span class='ocrx_word' id='word_1_425' title='bbox 918 2650 1137 2689; x_wconf 78' lang='lat' dir='ltr'>traduntur</span> <span class='ocrx_word' id='word_1_426' title='bbox 1160 2650 1208 2691; x_wconf 90' lang='lat' dir='ltr'>ad</span> <span class='ocrx_word' id='word_1_427' title='bbox 1240 2652 1444 2702; x_wconf 86' lang='lat' dir='ltr'>interpre-</span> 
     </span>
     <span class='ocr_line' id='line_1_49' title="bbox 138 2701 1446 2755; baseline 0.004 -16"><span class='ocrx_word' id='word_1_428' title='bbox 138 2713 204 2741; x_wconf 78' lang='lat' dir='ltr'>tan</span> <span class='ocrx_word' id='word_1_429' title='bbox 214 2703 306 2742; x_wconf 83' lang='lat' dir='ltr'>dam</span> <span class='ocrx_word' id='word_1_430' title='bbox 323 2711 505 2745; x_wconf 86' lang='lat' dir='ltr'>mentem</span> <span class='ocrx_word' id='word_1_431' title='bbox 522 2701 741 2743; x_wconf 80' lang='lat' dir='ltr'>Testatoris</span> <span class='ocrx_word' id='word_1_432' title='bbox 759 2725 773 2744; x_wconf 80' lang='lat'>‚</span> <span class='ocrx_word' id='word_1_433' title='bbox 788 2702 856 2751; x_wconf 87' lang='lat' dir='ltr'>qui</span> <span class='ocrx_word' id='word_1_434' title='bbox 870 2701 1150 2751; x_wconf 80' lang='lat' dir='ltr'>Capellaniam</span> <span class='ocrx_word' id='word_1_435' title='bbox 1169 2704 1349 2755; x_wconf 84' lang='lat' dir='ltr'>aliquam</span> <span class='ocrx_word' id='word_1_436' title='bbox 1367 2706 1446 2744; x_wconf 80' lang='lat' dir='ltr'>eri-</span> 
     </span>
     <span class='ocr_line' id='line_1_50' title="bbox 138 2752 1445 2848; baseline 0.001 -55"><span class='ocrx_word' id='word_1_437' title='bbox 138 2755 312 2803; x_wconf 86' lang='lat' dir='ltr'>gendam</span> <span class='ocrx_word' id='word_1_438' title='bbox 327 2755 582 2796; x_wconf 85' lang='lat' dir='ltr'>mandaverit</span> <span class='ocrx_word' id='word_1_439' title='bbox 600 2780 613 2803; x_wconf 86' lang='lat'>‚</span> <span class='ocrx_word' id='word_1_440' title='bbox 628 2752 836 2795; x_wconf 76' lang='lat' dir='ltr'>manifeste</span> <span class='ocrx_word' id='word_1_441' title='bbox 855 2764 968 2804; x_wconf 82' lang='lat' dir='ltr'>patet</span> <span class='ocrx_word' id='word_1_442' title='bbox 989 2781 1002 2801; x_wconf 92' lang='lat'>,</span> <span class='ocrx_word' id='word_1_443' title='bbox 1017 2766 1082 2794; x_wconf 78' lang='lat' dir='ltr'>eas</span> <span class='ocrx_word' id='word_1_444' title='bbox 1112 2768 1252 2796; x_wconf 83' lang='lat' dir='ltr'>omnes</span> <span class='ocrx_word' id='word_1_445' title='bbox 1274 2758 1313 2796; x_wconf 86' lang='lat' dir='ltr'>in</span> <span class='ocrx_word' id='word_1_446' title='bbox 1342 2769 1445 2848; x_wconf 49' lang='lat' dir='ltr'>pree-3</span> 
     </span>
    </p>

    <p class='ocr_par' dir='ltr' id='par_1_5' title="bbox 1360 2818 1445 2848">
     <span class='ocr_line' id='line_1_51' title="bbox 1360 2818 1445 2848; baseline -0.024 0"><span class='ocrx_word' id='word_1_447' title='bbox 1360 2818 1445 2848; x_wconf 82' lang='lat' dir='ltr'>enti</span> 
     </span>
    </p>
   </div>
  </div>
 </body>
</html>
