2007 3005
603 113 662 149 16.
682 109 861 160 Januarii
883 117 994 157 1768.
1038 147 1041 149 .
1447 129 1489 157 15

174 166 247 202 hac
279 162 316 199 in
350 173 391 199 re
420 162 695 212 inquireretur
711 189 723 208 ,
758 176 830 204 nec
863 172 906 202 ut
935 163 1140 204 extraneis
1156 165 1492 204 committeretur

172 214 501 263 experimentum
518 244 527 253 .
555 214 762 263 Judicium
780 228 877 256 vero
896 216 1102 267 utriusque
1119 214 1382 265 Praeceptoris
1399 226 1485 256 tum

172 267 398 309 Civitatis,
422 277 509 305 tum
543 267 757 306 Seminarii
791 269 858 315 ipfi
887 267 1108 307 Dominico
1139 267 1305 313 favere,
1333 278 1486 319 atque,

172 328 389 368 utrumqne
408 319 457 358 de
474 321 616 365 majori
636 320 746 358 illins
760 319 991 359 idoneitate
1009 320 1141 361 testari
1168 350 1177 359 .
1210 320 1487 360 Idoneitatem

176 371 329 409 idcirco
346 383 389 409 ex
410 372 570 410 istorum
586 372 817 412 testimonio
837 372 911 411 effe
928 375 1180 412 metiendam
1194 403 1203 411 .

125 426 167 462 ln
186 436 349 462 omnem
366 436 464 462 vero
489 424 620 463 casum
636 424 835 473 supplicat
852 425 1095 473 Dominicns
1112 452 1124 471 ,
1159 435 1201 463 ut
1217 425 1486 466 demandetur

176 488 325 513 novum
346 477 519 515 Examen
535 477 572 514 in
593 475 697 515 Urbe
715 507 723 515 .
758 477 844 526 Ipse
863 487 1093 525 promptum
1116 480 1151 516 se
1170 480 1333 516 exhibet
1352 478 1400 516 ad
1421 490 1488 517 no-

172 540 267 566 vum
283 529 607 576 experimentum
626 542 761 568 coram
783 529 1129 568 Examinatoribus
1144 531 1190 567 avb
1210 529 1288 568 ΕΗ.
1307 530 1397 569 VV.
1416 531 1487 570 de-

163 580 362 635 ¹stinandis
377 611 386 619 .
416 581 508 619 Hoc
540 582 660 620 modo
687 582 816 631 magis
847 590 1099 630 compertam
1131 580 1214 619 fore
1247 582 1484 633 utriusque.)

174 632 454 672 concurrentis
482 633 754 672 idoneitatem
781 663 789 672 .
821 633 1059 672 Proximiori
1086 643 1225 673 autem
1258 647 1278 672 a
1296 634 1486 674 Donante

175 693 324 723 vocato
342 712 355 732 ,
387 686 423 724 S<
457 686 688 733 praedilersto
715 687 908 734 denegari
925 699 1000 724 non
1018 684 1124 734 poffe
1141 711 1152 730 ‚
1183 694 1227 723 ut
1261 698 1412 724 novum
1428 687 1486 724 su-

176 737 267 775 beat
288 738 515 784 periculum
529 764 541 782 ,
566 739 689 788 'eique
705 739 832 776 licere
850 750 927 776 non
947 749 1069 776 unum
1085 746 1244 779 tantum
1262 761 1274 780 ‚
1293 747 1362 776 aut
1382 739 1487 776 alte—

174 800 261 825 rum
281 815 293 834 ,
322 790 385 828 sed
406 791 575 829 tertium
603 791 731 828 etiam
762 801 928 829 examen
947 790 1160 835 exposcere
1195 815 1207 833 ‚
1239 799 1486 839 antequam-‚³

174 851 316 880 contra
333 843 458 889 ipsum
476 842 843 887 feratur-judicium
860 867 872 886 ‚
891 843 975 880 Rot.
992 854 1060 885 cor,
1076 841 1226 878 Merlin.
1245 842 1447 890 decis.146.
1469 866 1481 886 ‚

178 896 222 935 &¹
236 895 411 942 &cist-64.
426 909 523 933 num.
535 908 593 941 14.
611 908 678 932 cor.
698 894 868 942 Ansaldo
885 923 894 932 .
1308 925 1309 929 ,

124 942 189 983 Ad
208 942 258 982 11.
277 957 373 984 vero
389 947 553 985 sustinet
571 971 582 989 ‚
602 946 835 985 Donantem
852 955 934 984 tres
949 942 1080 983 fecisse
1097 945 1298 992 Juvenum
1316 940 1481 992 Classes,

175 998 347 1044 primam
362 1011 501 1037 eorum
526 1024 538 1043 ‚
571 999 638 1048 qui
665 1010 710 1037 ex
732 997 877 1047 Capite
897 997 1075 1035 Familiae
1092 995 1236 1034 Manni
1262 995 1484 1037 descende·

174 1058 289 1092 rent,
319 1051 492 1089 alteram
506 1062 647 1088 eorum
668 1075 678 1095 ,
707 1050 916 1099 quiessent
943 1050 993 1087 de
1008 1048 1152 1087 eadem
1173 1048 1344 1086 Familia
1374 1074 1386 1093 ‚
1416 1047 1482 1086 sed

170 1099 450 1148 aCapiternon
479 1101 771 1147 descenderent
800 1127 813 1146 ‚
844 1102 1012 1140 tertiam
1042 1101 1335 1139 Extraneorum
1363 1113 1371 1137 :
1400 1099 1482 1138 Pri-

167 1152 245 1191 mis
259 1163 395 1193 autern
428 1167 495 1203 per
523 1154 779 1202 septennium
797 1180 809 1198 ‚
841 1154 985 1192 mediis
1016 1164 1084 1201 per
1114 1153 1347 1191 sexennium
1366 1178 1378 1196 ‚
1410 1165 1482 1200 po-

168 1205 323 1244 stremis
337 1219 406 1255 per
421 1207 745 1257 quinquennium
773 1207 899 1255 legati
931 1206 1194 1244 commodum
1209 1202 1448 1255 reliquissm
1468 1233 1477 1242 .

168 1256 299 1305 Ipsum
317 1259 607 1308 comprehendi
624 1260 661 1297 in
678 1258 848 1297 secunda
864 1256 993 1297 Claffe
1006 1271 1020 1296 ‚·
1050 1258 1089 1295 id
1104 1270 1180 1295 non
1193 1257 1480 1300 controverti,

170 1311 209 1348 ὃ(
223 1319 361 1358 patere
375 1323 420 1350 ex
445 1311 651 1350 schemate
666 1311 932 1360 genealogico
946 1324 960 1350 ,-
990 1310 1136 1348 Arceri
1168 1310 1334 1356 proinde
1365 1320 1476 1346 novt)

168 1360 277 1450 gosse
291 1364 337 1401 ab
355 1363 626 1412 exequutione
656 1362 784 1412 legati
811 1374 882 1411 pro
898 1361 1085 1411 tempore
1113 1373 1135 1399 a
1155 1361 1362 1406 Donatore
1381 1373 1481 1410 prae-

199 1422 284 1451 nito
302 1443 311 1452 .

120 1464 212 1514 Jura
232 1465 442 1505 Dominici
471 1469 564 1506 satis
597 1467 797 1505 resultant
823 1477 869 1504 ex
900 1466 986 1511 ejus
1018 1464 1190 1508 libello,
1227 1462 1488 1512 quicircnm-

171 1515 302 1556 fertur
321 1546 331 1556 .
363 1517 594 1559 Videndum
621 1519 671 1557 de
696 1518 812 1566 ipsius
827 1517 1171 1567 proximioritate‚
1190 1516 1227 1554 8<
1249 1526 1294 1553 an
1312 1516 1393 1554 sola
1407 1513 1487 1553 suf-

169 1567 281 1607 ficiat
301 1571 350 1607 ad
366 1570 798 1619 affecutionemlegati
813 1598 822 1607 .
852 1569 1086 1607 Videndum
1101 1567 1228 1606 etiam
1264 1566 1314 1606 de
1332 1566 1490 1605 idonei-

172 1628 261 1660 tate
280 1644 293 1664 ,
322 1635 417 1661 num
447 1625 492 1662 fit
525 1625 564 1662 in
595 1621 730 1671 pretio
760 1620 886 1669 magis
920 1619 1148 1658 habendum
1181 1617 1485 1660 testimonium

169 1672 469 1721 Praeceptorum
485 1675 681 1714 Civitatis
699 1699 711 1717 ‚
731 1674 767 1712 Sc
786 1672 1002 1711 Seminarii
1019 1672 1178 1711 editum
1208 1682 1279 1718 pro
1296 1670 1486 1715 Domini-

170 1738 218 1764 co
237 1751 250 1771 ,
279 1738 399 1775 quam
415 1727 614 1773 judicium
632 1725 963 1764 Examinatorum
983 1748 995 1767 ‚
1023 1725 1060 1763 δε
1088 1721 1243 1763 Vicarii
1266 1721 1484 1769 Generalis

171 1788 244 1826 pro
263 1778 427 1830 Angelo
444 1781 651 1829 prolatum
675 1809 678 1811 .
708 1776 946 1817 Videndum
964 1775 1140 1826 denique
1163 1801 1176 1819 ‚
1204 1785 1252 1811 an
1269 1774 1486 1813 devenien-

168 1830 266 1868 dum
282 1830 329 1869 fit
344 1832 392 1871 ad
409 1845 560 1871 novum
588 1841 755 1870 examen
774 1829 812 1867 in
829 1827 936 1867 Urbe
957 1859 966 1868 .
997 1828 1114 1867 Sacra
1140 1825 1414 1875 congregatio
1443 1825 1483 1863 in

171 1894 256 1921 una-
279 1882 416 1932 Isclana
443 1884 668 1923 Parechialis
686 1894 748 1923 23.
768 1880 868 1929 Julii
886 1884 1018 1927 i1718.
1049 1891 1198 1918 novum
1228 1877 1487 1917 examen'de-

170 1936 383 1976 mandavit
396 1938 444 1976 ad
461 1948 602 1984 preces
618 1933 822 1979 cujusdam
841 1932 1073 1972 Sacerdotis
1091 1958 1104 1976 ,
1139 1930 1207 1982 qui
1236 1930 1274 1967 in
1291 1929 1483 1969 concursu

172 1988 222 2038 ad
243 1987 519 2028 Parochialem
535 1991 580 2033 ab
596 1985 942 2031 Examinatoribus
960 1983 1096 2023 suerat
1111 1983 1348 2031 reprobatus
1367 2011 1376 2020 .

120 2039 355 2078 His'autem
374 2040 627 2088 praecognitis
646 2065 659 2084 ‚
674 2038 844 2086 superest
864 2060 876 2078 ‚
909 2045 955 2075 ut
989 2037 1069 2075 EE.
1089 2035 1182 2076 VV.
1203 2046 1248 2073 ea
1264 2058 1277 2078 ,
1294 2047 1369 2085 qua
1383 2029 1479 2073 asso·

174 2092 261 2130 lent
277 2117 290 2136 ‚
318 2092 535 2138 prudentia
549 2117 562 2135 ‚
579 2093 617 2130 δε
632 2089 874 2129 maturitate
891 2089 1146 2133 dijudicent:

126 2142 158 2184 I.
187 2146 257 2182 An
274 2168 287 2186 ‚
318 2146 361 2186 ὼ*
373 2143 474 2196 cujus
485 2144 614 2191 favore
619 2144 668 2191 fit
686 2142 780 2180 locus
797 2141 987 2190 admiffi'oni
1001 2167 1013 2185 ,
1030 2146 1067 2178 iu
1080 2141 1161 2189 casu
1178 2142 1253 2183 &a

125 2196 180 2236 11.
207 2195 307 2237 An,
341 2199 382 2239 ἀπ’
410 2198 457 2233 ad
483 2196 575 2245 quod
603 2203 733 2242 tempus
754 2194 955 2243 perdurare
978 2195 1105 2233 debeat
1129 2193 1277 2241 admiffio
1310 2217 1323 2236 ‚
1354 2195 1393 2227 in
1421 2199 1481 2225 ca·-

214 2247 263 2296 su
278 2250 351 2292 &a

198 2510 413 2552 OMANA
452 2509 551 2549 SEU
594 2504 880 2548 PORTUEN,
921 2500 1292 2544 CAPELLANIAE
1319 2529 1329 2539 .
1373 2498 1474 2540 Pia-2
1507 2496 1839 2544 Sess.22.eap.6.&

222 2565 375 2604 Mulier
393 2562 528 2612 Agnes
547 2562 598 2602 de
617 2559 750 2599 Paulis
770 2570 872 2596 anno
894 2569 1006 2601 1712.
1028 2554 1228 2612 haeredem
1256 2554 1295 2591 in
1316 2553 1472 2592 usufru÷
1503 2547 1665 2595 Seffi25-
1697 2555 1837 2595 Cap-12.

157 2623 221 2658 ctu
241 2619 478 2656 testamento
494 2613 664 2652 instituit
680 2610 908 2649 Antonium
927 2608 1127 2648 Serbaroli
1145 2607 1291 2646 Virum
1319 2605 1433 2649 suum
1451 2630 1464 2648 ‚
1497 2603 1541 2639 de
1559 2599 1714 2647 Reform.

155 2671 196 2710 in
214 2669 464 2721 proprietate
480 2678 577 2705 vero
594 2666 697 2706 Ven.
715 2662 933 2711 Hospitale
949 2661 988 2703 S.
1004 2658 1169 2709 joannis
1201 2658 1252 2698 de
1283 2657 1373 2698 Deo
1390 2657 1470 2748 [ἐξε-
