2007 3005
511 178 530 201 2
547 173 592 204 30
943 174 957 196 ι
970 174 1000 199 2.
1022 160 1234 198 Decembris
1256 159 1374 206 1767.

509 227 531 253 a
554 210 808 251 celebrandis
828 211 1041 250 Sacrifieiis
1063 221 1287 251 arceretur.
1319 210 1480 250 Deinde
1498 219 1620 260 quum
1652 212 1688 250 in
1707 216 1844 259 pater-

511 278 561 304 na
593 265 726 302 Domo
757 265 889 301 vitam
922 263 1097 303 duceret
1127 277 1267 311 parum
1302 263 1552 302 laudabilem
1572 290 1585 309 ‚
1615 264 1837 312 Episcopus

509 316 811 365 Agrigentinus
831 316 902 353 suo
919 315 1090 354 Vicario
1108 317 1288 355 Foraneo
1308 316 1484 362 injunxit
1499 341 1511 361 ‚
1547 324 1591 354 ut
1623 316 1687 354 illi
1706 318 1844 362 injun-

509 377 627 418 geret
645 366 844 406 accessum
861 367 908 404 ad
924 367 1153 407 Civitatem
1171 368 1422 417 Agrigenti,
1458 369 1495 408 3<
1514 377 1714 418 quatenus
1732 380 1844 414 pare-

512 434 554 459 re
571 418 786 459 recusasset
805 443 817 462 ‚
836 428 880 457 ut
899 421 1321 469 comprehenderetur
1339 446 1351 465 ‚
1368 421 1405 460 ὃς
1423 421 1617 469 alligatus
1636 421 1844 460 transmit-

511 481 673 511 teretur
696 501 705 510 .
737 471 930 511 Extrema
951 472 1100 520 Ignatii
1131 482 1346 522 paupertas
1367 473 1564 522 imparem
1597 486 1690 512 eum
1706 472 1841 512 reddi·-

510 525 572 562 dit
602 524 650 562 ad
679 523 901 562 subeundas
929 524 1088 564 itineris
1118 526 1308 574 expensas
1326 539 1340 565 ,·
1373 534 1621 574 quapropter
1653 524 1841 563 Vicarius

513 576 719 615 Foraneus
735 574 864 614 Clusae
886 576 1006 614 illum
1024 589 1093 624 per
1114 578 1328 617 Satellites
1346 577 1459 616 domi
1481 578 1555 615 suae
1572 578 1701 616 sistere
1729 589 1844 614 man-

509 628 627 665 davit
643 641 657 667 3
689 627 765 666 Sed
784 627 968 676 Ignatius
989 637 1033 668 ut
1052 629 1091 669 id
1113 629 1274 669 audivit
1292 630 1350 668 ira
1366 638 1608 677 correptus,
1641 642 1685 668 ac
1703 627 1842 668 furore

507 680 721 719 succensus
766 680 816 718 ad
860 678 1124 721 Conventum
1154 682 1522 721 Dominicanorum
1568 681 1806 730 properavit
1824 705 1838 726 ,

507 733 630 779 igneo
646 739 859 772 tormento
876 734 1058 773 munitus
1078 759 1091 778 ‚
1119 734 1156 774 &
1177 746 1299 783 quum
1317 733 1521 773 incidillet
1540 733 1578 771 in
1597 733 1638 772 P.
1655 733 1845 772 Priorem

509 785 647 823 Greco
665 809 677 829 ,
696 796 818 834 quern
834 785 950 824 suum
968 785 1169 825 infensum
1190 788 1357 832 hostem,
1373 787 1620 836 suorumque
1641 786 1846 824 malorum

510 837 671 875 causam
689 836 940 877 existimabat
955 864 968 883 ‚
987 839 1150 886 exploso
1165 848 1375 878 tormento
1399 840 1527 887 ipsum
1546 837 1782 877 interfecit.

458 886 657 927 Criminis
673 888 895 928 atrocitate
913 891 1158 938 perterritus
1177 889 1368 941 profugus
1387 890 1577 933 disceffit,
1595 902 1726 940 eoque
1743 901 1841 928 con-

513 949 683 979 tumace
701 940 826 979 Curia
844 941 1118 981 Ecclefiastica
1134 942 1404 993 Agrigentina
1420 943 1548 990 ipsum
1564 941 1756 981 Censuris
1779 942 1835 979 ir-

509 992 685 1031 retitum
713 992 969 1033 declaravit.
1000 995 1161 1035 Deinde
1185 995 1352 1035 acceffit
1378 996 1428 1034 ad
1445 994 1596 1033 Urbem
1615 1018 1628 1038 ,
1660 995 1697 1034 &
1712 1007 1734 1033 a
1750 994 1839 1032 Sac.

506 1044 829 1084 Poenitentiaria
847 1046 1296 1098 absolutionem‚quoad
1314 1047 1446 1086 forum
1464 1047 1670 1086 internum
1701 1058 1845 1095 repor-

504 1096 620 1134 tavit
637 1125 646 1134 .
679 1095 717 1133 A
738 1096 806 1136 die
821 1106 963 1137 autem
979 1100 1131 1147 patrati
1148 1100 1393 1148 homicidii,
1423 1099 1529 1150 quod
1547 1098 1700 1137 accidit
1719 1098 1786 1136 die
1801 1109 1841 1145 4.

505 1147 681 1204 Augusti
704 1161 818 1196 1757.
843 1150 891 1188 ad
909 1153 990 1190 haec
1011 1153 1133 1203 usque
1152 1162 1338 1201 tempora
1356 1162 1445 1190 tum
1465 1152 1600 1190 Romae
1620 1174 1632 1194 ‚
1651 1158 1742 1190 tum
1759 1149 1844 1189 Ve-

504 1208 638 1239 metus
654 1211 932 1242 commoratus
962 1205 1042 1250 est,
1072 1205 1136 1243 ubi
1171 1204 1449 1253 resipiscentiae
1475 1229 1488 1249 ‚
1517 1204 1555 1242 ὃς
1585 1201 1843 1250 poenitentiae

507 1253 708 1291 anteastae
729 1253 824 1292 vitae
843 1256 950 1304 figna
970 1257 1142 1303 praebuit
1160 1283 1172 1303 ,
1202 1266 1246 1296 ut
1265 1258 1437 1298 habetur
1453 1268 1500 1294 ex
1521 1256 1842 1300 Parochoruma,

505 1304 772 1355 aliorumque
789 1309 950 1346 testium
968 1310 1282 1358 depositionibus
1313 1335 1325 1355 ,
1356 1322 1442 1360 quae
1470 1308 1508 1352 in
1540 1307 1770 1346 Summario
1788 1307 1843 1344 li-

504 1356 608 1395 belli
627 1358 870 1398 exhibentur
885 1390 894 1398 .
928 1359 1085 1401 Pluries
1106 1362 1274 1400 interim
1304 1362 1408 1408 apud
1429 1360 1514 1398 Sac.
1535 1361 1636 1398 hanc
1653 1358 1838 1408 Congre-

501 1409 738 1458 grationem
755 1436 767 1454 ,
795 1412 862 1450 sed
880 1412 1088 1452 inutiliter
1108 1413 1359 1461 supplicavit
1376 1425 1447 1461 pro
1461 1411 1765 1459 dispensatione
1784 1411 1832 1449 ab

503 1461 667 1499 incursa
686 1473 730 1500 ex
747 1462 976 1502 homicidio
994 1465 1302 1514 irregularitate
1315 1478 1330 1504 ‚·
1362 1464 1522 1503 easdem
1542 1476 1647 1502 nunc
1663 1469 1840 1507 renovat

502 1525 647 1603 pre-cles
665 1539 679 1558 ‚
709 1512 880 1565 finisque
898 1517 1093 1566 lacrymis
1108 1517 1189 1556 EE.
1205 1516 1298 1558 VV.
1317 1516 1588 1560 clementiam
1618 1515 1836 1554 humiliter

507 1577 591 1613 xmp
613 1574 704 1605 orat
724 1595 734 1605 .

448 1618 529 1660 'Ait
548 1642 560 1661 ‚
580 1617 850 1656 homicidium
869 1620 1037 1667 patrasse
1056 1622 1096 1660 in
1111 1623 1245 1661 calore
1265 1621 1483 1661 iracundia.»
1502 1633 1511 1658 ε
1538 1620 1579 1658 id
1612 1628 1754 1669 patere
1789 1632 1840 1659 ex

506 1670 675 1719 ipsamet
692 1670 1087 1722 relatione-Episcopi
1100 1672 1425 1723 Agrigentini‚in
1441 1684 1517 1723 qua
1531 1673 1838 1721 legitur‚ipsum

507 1733 587 1760 non
607 1721 717 1768 prius
737 1735 849 1762 arma
867 1724 1064 1772 sumpsisse
1081 1750 1094 1768 ‚
1124 1739 1246 1776 quam
1265 1727 1345 1772 post
1361 1733 1576 1772 acceptam
1607 1725 1836 1763 notitiam

505 1773 760 1812 demandatae
782 1784 924 1814 contra
942 1776 1070 1824 ipsum
1089 1776 1273 1824 Capturae
1290 1788 1299 1814 ε
1318 1777 1447 1816 Omni
1468 1775 1635 1822 proinde
1665 1776 1835 1825 dignum

504 1826 863 1865 commiseratione
881 1852 893 1871 ,
927 1837 1050 1877 atque
1069 1828 1322 1877 indulgentia
1339 1854 1352 1873 ,
1369 1831 1531 1875 Fagnan.
1553 1832 1590 1865 in
1611 1830 1831 1877 Cap.Henr.
1865 1856 1869 1866 .

498 1891 600 1916 otum.
620 1891 638 1921 3
649 1891 683 1921 5.
711 1880 756 1915 de
788 1880 884 1918 Cler.
897 1889 1056 1928 pugnam.
1076 1884 1112 1916 in
1128 1881 1241 1918 duell.
1259 1904 1273 1924 ‚
1307 1879 1438 1932 vrsaja
1455 1881 1603 1929 discept.
1624 1885 1661 1919 6.
1677 1890 1773 1930 part.
1796 1894 1834 1920 2.

501 1941 585 1969 tom.
607 1945 639 1969 1.
657 1943 753 1967 mtm.
770 1936 834 1970 6.‚·
856 1932 895 1968 Si
910 1932 1134 1979 praesertim
1165 1931 1413 1979 ponderetur
1428 1958 1440 1977 ‚
1472 1932 1700 1971 Oratorem
1729 1944 1829 1970 nun-

506 1995 629 2033 quam
645 1991 765 2021 antea
781 1982 894 2022 fuiffe
911 1983 1147 2032 inquisitum
1165 2008 1177 2027 ‚
1192 1992 1264 2022 aut
1282 1985 1367 2023 ulla
1382 1985 1502 2032 culpa
1517 2009 1531 2027 ‚
1559 1986 1626 2024 vel
1642 1982 1827 2023 offenfio-

506 2048 558 2074 ne
579 2044 768 2073 notatum
787 2061 800 2080 ,
825 2036 862 2075 &
879 2037 1010 2074 rursus
1026 2035 1063 2074 se
1080 2037 1210 2084 postea
1239 2038 1401 2075 honeste
1434 2034 1586 2085 geffisse
1608 2062 1621 2082 ‚
1649 2036 1824 2088 aliisque

502 2086 867 2136 fuiffessxemplo,
886 2088 1084 2129 ‚Ecclefiae
1116 2088 1374 2128 inserviendo
1406 2101 1420 2128 ,-
1450 2086 1557 2140 quod
1586 2088 1635 2127 ad
1662 2088 1827 2128 facilius

503 2140 771 2178 obtinendam
789 2140 1132 2188 dispensationem
1148 2152 1269 2190 quam
1282 2140 1462 2179 maxime
1490 2138 1679 2179 conferre
1699 2138 1829 2178 tradit

504 2191 637 2242 ‘Dffizja
657 2193 807 2240 discept.
816 2204 850 2235 ς.
869 2206 1010 2240 maem.9.
1025 2202 1151 2242 pana.
1168 2203 1294 2232 tom.1.

450 2244 630 2287 Plurimi
648 2244 808 2293 insuper
828 2245 1051 2284 habendam
1068 2245 1265 2294 temporis
1295 2243 1615 2286 diuturnitatem
1630 2268 1642 2288 ‚
1675 2249 1829 2294 quum

503 2296 661 2334 Orator
677 2309 697 2334 a
715 2296 916 2337 decennio
936 2297 975 2335 in
993 2297 1147 2337 summa
1163 2298 1338 2346 egestate
1358 2323 1372 2343 ,
1392 2298 1430 2337 &
1446 2298 1556 2335 lustu
1592 2296 1721 2336 vitam
1741 2304 1831 2334 tra-1-

499 2347 627 2387 ducat
648 2374 660 2394 ,
693 2348 806 2386 omni
837 2350 1013 2388 humana
1028 2362 1105 2398 ope
1121 2374 1133 2394 ‚
1163 2361 1209 2388 ac
1226 2349 1374 2388 solatio
1404 2348 1618 2387 destitutus
1643 2359 1653 2384 :
1684 2347 1727 2385 In
1746 2350 1826 2387 hoc
1857 2390 1862 2395 ¹

500 2409 644 2439 autem
661 2401 858 2450 temporis
890 2401 1059 2440 decursu
1079 2399 1319 2452 frequenter
1341 2399 1444 2448 apud
1479 2400 1567 2439 Sac.
1585 2400 1824 2449 Congrega-

497 2453 659 2491 tionem
676 2451 865 2492 instetisse
890 2466 962 2502 pro
980 2453 1277 2502 dispensatione
1293 2476 1306 2496 ‚
1335 2451 1401 2490 sed
1427 2451 1583 2499 semper
1614 2453 1728 2490 suam
1749 2465 1821 2500 po-

495 2505 763 2544 stulationem
777 2503 892 2544 fuisse
909 2507 1102 2552 rejectam
1118 2534 1128 2544 .
1150 2505 1431 2550 Rejestionem
1448 2516 1545 2543 vero
1563 2504 1715 2553 pluries
1731 2504 1819 2552 pas-.-

497 2556 578 2593 sam
596 2582 608 2600 ‚
639 2559 775 2602 junsta
802 2558 1026 2607 praesertim
1055 2555 1319 2606 supplicantis
1347 2564 1588 2603 paupertate
1606 2582 1621 2602 ,
1653 2554 1823 2594 facilio-

495 2617 581 2643 rem
604 2611 762 2655 aperire
777 2610 936 2649 aditum
951 2607 1268 2659 dispensationi,
1287 2608 1455 2655 Maedos.
1472 2610 1512 2646 in
1525 2609 1735 2658 prax.fign.
1753 2611 1817 2646 tit.

492 2658 647 2705 absolut.
678 2664 799 2710 verfic.
829 2663 1022 2711 Absolutio
1050 2664 1093 2698 ab
1122 2662 1323 2698 homicidiis
1342 2684 1354 2703 ‚
1391 2661 1538 2700 Corrad.
1563 2663 1722 2709 inpraxi
1739 2661 1817 2696 Di-

487 2710 645 2760 speafizt.
662 2710 724 2749 lib.
744 2724 778 2754 5.
794 2723 865 2761 cap.
890 2728 923 2755 ι,
954 2728 1048 2757 num.
1073 2724 1106 2756 5.
1123 2725 1137 2752 ‚·
1154 2711 1393 2750 Accedeute
1426 2712 1682 2760 potiffimum
1702 2720 1819 2754 turn-2

496 2763 831 2816 permanentiam
846 2763 955 2806 Urbe
985 2778 1008 2806 a
1024 2763 1203 2805 triennio
1218 2788 1231 2810 ,
1266 2774 1350 2815 quae
1378 2774 1453 2813 pro
1486 2762 1709 2805 minuenda
1729 2775 1818 2813 poe—

1766 2826 1817 2861 na
