1980 3015
603 61 848 118 20.August1⁸
866 66 978 116 1768.
1404 80 1484 116 219

162 117 213 158 ad
244 118 522 162 inducendam
549 120 890 168 praescriptionem
924 127 1066 159 contra
1093 117 1203 167 leges
1240 140 1252 162 ‚
1282 119 1328 157 ut
1358 123 1484 170 vulgo

162 172 332 212 tradunt
353 172 553 212 Doc'tores
573 198 585 218 ‚
617 174 653 211 Sc
677 173 907 212 desumitur
924 173 1049 212 etiam
1066 184 1110 210 ex
1122 179 1195 217 cap.
1218 171 1308 208 Cum
1326 184 1482 210 venera-

136 254 139 257 .
162 222 247 261 bilis
269 240 302 269 7.
319 252 332 272 ,
349 228 391 269 :35-
405 234 480 274 cap.
501 238 580 263 cum
597 235 695 263 tanto
714 240 727 264 1
741 240 770 265 1.
792 228 836 262 de
851 225 1060 273 consuetud.
1073 238 1088 265 5
1121 221 1244 272 Qod
1276 222 1482 275 intelligi-

160 285 230 316 tur
245 278 294 317 de
313 277 607 318 consuetudine
623 279 747 316 etiam
765 276 915 322 futura,
935 277 1083 317 nedum
1100 275 1291 325 praesente
1309 299 1321 319 ,
1339 277 1377 316 δε
1393 278 1479 316 cxj-

163 329 291 370 stente
322 333 407 380 Cap.
425 332 498 369 Ad
523 333 750 368 audientiam
776 332 928 388 nostram
956 344 991 373 3.
1021 339 1094 379 cap.
1118 340 1199 366 cum
1231 329 1327 365 inter
1341 341 1375 374 5.
1395 332 1474 368 eod.

162 384 220 420 tit.
237 382 388 423 ,Unde
403 382 448 422 fit
465 408 478 427 ‚
496 392 539 421 ut
560 383 649 426 illa,
671 396 854 441 quamvis
874 379 1208 422 immemorabilis
1223 405 1236 425 ,
1254 392 1330 418 non
1357 381 1476 431 possit

162 435 394 482 praedietam
415 436 514 479 juris
531 435 758 474 communis
792 435 1095 483 dispositionem
1127 434 1320 482 abrogare
1338 447 1353 476 ‚-
1357 394 1473 472 pNec

164 487 334 534 proinde
353 487 516 527 efficere
536 513 548 532 ,
576 496 619 526 ut
649 488 727 526 fine
744 488 857 536 gravi
889 496 1062 537 urgente
1078 483 1314 525 necestitate
1333 485 1476 526 iterari

165 537 406 578 sacrificium
425 540 568 579 eadem
584 539 649 577 die
668 539 784 587 poffit
809 541 856 578 ab
870 553 948 579 uno
964 540 1184 578 Sacerdote
1201 565 1211 576 .
1241 537 1475 579 preterea)

166 591 192 629 fi
223 593 338 635 juxta
370 592 639 641 civilesleges
661 617 671 636 ‚
704 602 744 629 ut
770 594 962 641 preclare
979 592 1147 629 adnotat
1183 589 1333 631 Bened.
1365 588 1479 634 XIV.

169 644 314 693 Consta.
331 648 392 683 cit.
413 668 425 687 ‚
445 643 596 683 Sane‘tae
613 656 673 682 res
693 644 889 691 praescribi
911 657 987 682 non
1003 642 1157 692 possunt
1174 656 1186 681 ‚·
1203 642 1390 682 absonum
1407 654 1482 681 un-

140 735 146 739 sp
165 694 290 747 dique
320 697 372 736 est
386 721 399 741 ‚
429 693 597 735 asserere
613 721 624 739 ‚
644 694 756 736 fuille
788 709 856 745 per
873 696 1214 744 pra-scriptionem
1239 694 1391 744 aliquid
1408 696 1480 739 olb-

165 756 327 786 tentum
345 773 358 791 ‚
390 749 454 786 vel
480 748 720 797 aequifitum
751 774 763 793 ‚
796 747 901 798 quod
933 750 1168 788 adversetur
1209 747 1477 786 sanstionibus

166 800 462 839 universalibus
480 799 666 838 Ecclefiae
687 823 699 842 ‚
730 812 897 850 quarum
928 799 1225 838 observantiam
1254 799 1341 838 Sac.
1359 798 1475 837 Trid.

163 850 400 892 Concilium
416 852 454 890 in
472 851 680 890 missarum
697 853 975 890 celebratione
996 851 1277 890 Sacerdotibus
1292 851 1477 889 omnibus

162 904 351 951 praecipit
368 931 380 950 ,
403 913 447 942 ut
464 904 677 953 colligitur
694 915 738 942 ex
757 903 938 942 Decreto
956 907 1001 941 dc
1015 903 1242 952 observand.5
1258 906 1301 947 ’ἐπ’
1314 902 1480 942 ew‘m'nd⁴

161 956 203 992 in
218 957 383 994 celebrat.
398 955 503 1002 Mtff.

114 1024 176 1058 25.
236 1007 327 1047 Nec
345 1008 472 1046 etiam
496 1007 774 1055 praesumptam
795 1007 975 1057 aliquam
995 1006 1292 1047 concessionem
1309 1006 1483 1056 Aposto-

162 1059 289 1098 licam
311 1089 320 1098 .
351 1060 450 1099 Haec
464 1059 571 1098 enim
589 1059 845 1107 praesumptio
865 1062 1001 1098 locum
1019 1062 1232 1099 dumtaxat
1260 1059 1420 1099 obtinet
1439 1058 1479 1096 in

165 1110 216 1150 iis
236 1112 462 1160 privilegiis
479 1136 492 1154 ‚
512 1123 596 1160 quae
616 1112 823 1160 impetrari
842 1111 1059 1160 potuissent
1076 1128 1090 1152 ,·
1113 1113 1139 1150 fi
1174 1112 1261 1162 quis
1291 1124 1335 1151 ea
1354 1112 1480 1161 postu-

160 1162 277 1202 lasset
293 1178 307 1204 ‚·
337 1164 430 1202 Non
450 1175 549 1202 vero
569 1175 607 1200 in
628 1164 709 1201 illis
729 1188 741 1206 ‚
761 1176 810 1213 qu
817 1177 844 1199 x
861 1190 872 1208 ,
906 1178 999 1203 cum
1027 1165 1274 1212 postulantur
1294 1189 1308 1209 ,
1337 1163 1477 1213 negari

156 1216 484 1255 consueverunt,
500 1227 548 1254 ne
578 1216 839 1261 presumntio
859 1217 944 1263 ulus
967 1219 1111 1257 habeat
1131 1216 1282 1254 roboris
1301 1242 1313 1260 ‚
1347 1225 1470 1266 quam

154 1267 309 1307 veritas
329 1293 340 1312 ,
368 1276 414 1306 ut
433 1267 541 1307 idem
560 1265 595 1305 S.
615 1267 802 1314 Pontifex
822 1268 1144 1312 animadvertit.
1164 1265 1471 1307 Consuetudine

154 1320 232 1358 hac
250 1321 289 1358 se
307 1321 525 1358 tuebantur
542 1311 713 1358 Paroehi
736 1323 922 1359 nonnulli
938 1321 991 1361 Di
997 1324 1127 1363 aecesis
1150 1319 1358 1358 Oscensis.
1378 1319 1472 1368 Epi-

155 1372 296 1420 scopus
313 1381 448 1411 tamen
466 1373 584 1420 probe
604 1372 838 1421 intelligens
857 1397 868 1416 ‚
902 1375 938 1412 id
958 1375 1126 1411 minime
1142 1371 1268 1412 licere
1289 1370 1472 1409 Restm-i-

155 1424 226 1461 bus
247 1424 511 1463 Ecclefiarum
538 1422 840 1463 Parochialium
859 1449 871 1468 ,
900 1426 978 1464 etsi
1005 1426 1083 1464 alia
1101 1436 1262 1474 quoque
1294 1422 1471 1461 Ecclesia

154 1487 178 1514 a
194 1474 424 1515 Parochiali
441 1477 561 1525 longe
579 1476 721 1514 distans
754 1477 810 1515 eis
845 1478 889 1514 lit
920 1476 1135 1516 commend
1142 1484 1204 1513 ita
1224 1498 1235 1518 ²
1269 1475 1336 1512 nifi
1366 1475 1471 1512 nlius

152 1527 255 1566 defit
272 1528 467 1568 Sacerdos
486 1528 582 1577 ‚qui
601 1528 766 1567 Sacrum
797 1527 930 1567 facere
960 1530 1077 1577 ponit
1111 1529 1146 1566 in
1178 1539 1252 1565 una
1285 1538 1332 1564 ex
1349 1522 1429 1564 ὥθ’
1437 1527 1468 1564 is

154 1579 376 1626 Ecclefiis,
404 1581 741 1619 consuetudinem
773 1581 886 1619 illam
917 1581 1112 1630 Synodali
1146 1579 1469 1618 constitutions

153 1632 368 1671 damnavit
383 1656 396 1675 ‚
425 1634 539 1677 cujus
559 1642 695 1671 tamen
714 1634 1001 1672 executionem
1020 1659 1032 1678 ‚
1051 1632 1240 1683 quoniam
1261 1631 1328 1670 dd.
1352 1631 1471 1669 Paro-

154 1685 223 1723 chi
255 1697 465 1734 eamaegre
484 1683 665 1724 ferebant
694 1697 906 1733 parumper
932 1686 1095 1726 differre
1121 1683 1275 1723 censuit
1294 1709 1305 1728 ‚
1335 1683 1464 1722 donec

152 1735 329 1776 Romani
347 1737 556 1776 pontificis
584 1737 827 1776 sententiam
844 1739 1077 1788 exquireret
1098 1764 1109 1781 ‚
1129 1739 1165 1776 S<
1185 1737 1441 1773 voluntatem
1456 1764 1466 1774 .

153 1790 311 1829 Verum
342 1789 584 1828 Benedictus
617 1788 728 1828 XIV.
748 1790 853 1828 datis
870 1791 919 1829 ad
936 1804 1027 1829 eum
1058 1788 1213 1829 litteris
1236 1801 1297 1826 au.
1321 1794 1432 1835 1746.
1452 1814 1465 1831 ,

153 1841 403 1890 Synodalem
437 1840 772 1880 constitutionem
811 1843 1036 1886 nleniffime
1068 1841 1326 1880 confirmavit
1359 1869 1368 1877 .
1401 1841 1464 1877 Sic

149 1907 238 1934 mos
258 1894 361 1933 olim
378 1894 605 1932 inoleverat
624 1895 832 1932 nonnullis
861 1895 899 1932 in
916 1896 1146 1942 regionibus
1162 1919 1173 1936 ,
1207 1903 1250 1929 ut
1285 1892 1459 1930 Parocni

148 1946 321 1985 duarum
353 1944 642 1985 Parochiarum
669 1944 768 1986 feria
784 1946 856 1986 VI.
874 1948 1042 1991 majoris
1071 1945 1328 1984 hebdomade
1357 1943 1463 1982 Offi-

149 1998 259 2036 cium
279 2006 519 2046 peragerent
539 2020 551 2041 ‚
572 1997 745 2044 primum
767 1998 805 2035 in
824 2011 901 2037 una
915 2010 960 2035 ex
980 1997 1202 2040 Pai·ochiis‚
1224 1998 1466 2044 prat-termis-

147 2054 188 2088 1a
206 2049 289 2087 vini
309 2048 542 2096 sumptione
561 2073 574 2091 ,
591 2049 628 2086 St
644 2049 790 2095 deinde
807 2049 910 2087 illud
931 2050 1126 2093 iteras-ent
1155 2050 1193 2088 in
1211 2050 1342 2088 altera
1358 2077 1367 2087 .
1390 2048 1471 2087 Re-

149 2103 317 2150 probata
338 2102 419 2137 haec
439 2111 596 2149 quoque
613 2098 692 2138 fuit
708 2101 962 2139 consuetudo
979 2129 989 2139 .
1018 2101 1072 2139 Ex
1090 2114 1171 2150 quo
1203 2109 1316 2149 patet
1335 2125 1346 2144 ,
1374 2102 1465 2139 uul-

149 2156 234 2192 lam
255 2152 292 2190 in
312 2164 351 2191 re
367 2177 380 2196 ,
411 2151 462 2189 de
477 2162 554 2201 qua
568 2153 701 2200 agitur
717 2178 729 2197 ‚
762 2152 845 2191 vim
864 2153 983 2192 ineli'e
999 2153 1317 2195 consuetudini,
1336 2157 1372 2190 tx*
1393 2164 1462 2199 pa·-

152 2214 215 2244 tet
235 2204 360 2243 etiam
377 2229 388 2248 ,
419 2204 502 2240 sola
534 2213 703 2251 urgente
726 2204 962 2244 neceffitate
978 2228 992 2247 ‚
1023 2215 1068 2243 ut
1098 2206 1209 2254 supra
1227 2204 1428 2251 explicata
1447 2231 1460 2248 ‚

150 2256 211 2296 fas
229 2254 305 2295 esse
320 2258 433 2302 juxta
450 2254 688 2294 hodiernam
707 2257 889 2306 Ecclefit
908 2256 1166 2306 disciplinam
1201 2258 1258 2294 bis
1288 2256 1453 2294 Sacrum

148 2309 371 2350 conficere.

97 2377 159 2410 27·
217 2361 397 2409 Qoties
416 2367 555 2399 tamen
574 2360 622 2399 de
643 2360 985 2407 hoc-necessitatis
1003 2360 1133 2401 titulo
1148 2371 1288 2399 revera
1316 2359 1461 2397 consti-

146 2414 246 2453 terit
263 2440 275 2458 ,
291 2412 566 2452 animadverti
585 2421 780 2461 praeterea
807 2413 928 2452 debet
947 2438 960 2456 ‚
987 2414 1179 2463 quasdam
1211 2412 1458 2459 praescriptas

150 2464 227 2505 esse
245 2467 400 2515 regulas
426 2465 474 2501 ab
494 2465 694 2513 Episcopis
709 2465 921 2504 servandas
952 2466 988 2502 in
1008 2466 1267 2503 concedenda
1286 2463 1459 2508 faculta-

146 2527 187 2558 te
205 2518 263 2556 bis
280 2515 537 2558 celebrandi.
574 2516 617 2554 In
636 2516 828 2556 Concilio
843 2515 1093 2554 provinciali
1115 2516 1382 2564 Burdigalenli
1404 2518 1467 2554 su-

143 2582 212 2621 pra
229 2570 354 2609 relati
369 2582 430 2609 an·
452 2574 567 2611 1583.
585 2571 663 2609 haec
680 2571 748 2621 leg
752 2577 905 2609 untur:
926 2570 1190 2616 Dece-mimus,
1216 2582 1260 2607 ne
1278 2566 1348 2619 huj
1348 2569 1460 2617 esno-

249 2624 345 2663 Tom.
352 2623 560 2663 XXXVII
944 2619 999 2659 Ee
1031 2634 1051 2658 2
1420 2622 1461 2657 di
