<?xml version="1.0" encoding="UTF-8"?>
<!DOCTYPE html PUBLIC "-//W3C//DTD XHTML 1.0 Transitional//EN"
    "http://www.w3.org/TR/xhtml1/DTD/xhtml1-transitional.dtd">
<html xmlns="http://www.w3.org/1999/xhtml" xml:lang="en" lang="en">
 <head>
  <title>
</title>
<meta http-equiv="Content-Type" content="text/html;charset=utf-8" />
  <meta name='ocr-system' content='tesseract 3.04.00' />
  <meta name='ocr-capabilities' content='ocr_page ocr_carea ocr_par ocr_line ocrx_word'/>
</head>
<body>
  <div class='ocr_page' id='page_1' title='image "./thesaurusresolut36cath_0249.png"; bbox 0 0 2007 3005; ppageno 0'>
   <div class='ocr_carea' id='block_1_1' title="bbox 531 157 1211 198">
    <p class='ocr_par' dir='ltr' id='par_1_1' title="bbox 531 157 1211 198">
     <span class='ocr_line' id='line_1_1' title="bbox 531 157 1211 198; baseline -0.004 0"><span class='ocrx_word' id='word_1_1' title='bbox 531 157 1211 198; x_wconf 87' lang='lat' dir='ltr'>CONCLUSIONUM.</span> 
     </span>
    </p>
   </div>
   <div class='ocr_carea' id='block_1_2' title="bbox 149 210 847 336">
    <p class='ocr_par' dir='ltr' id='par_1_2' title="bbox 149 210 847 336">
     <span class='ocr_line' id='line_1_2' title="bbox 186 210 847 250; baseline -0.009 -4"><span class='ocrx_word' id='word_1_2' title='bbox 186 217 252 247; x_wconf 79' lang='lat' dir='ltr'>Nec</span> <span class='ocrx_word' id='word_1_3' title='bbox 269 212 349 244; x_wconf 85' lang='lat' dir='ltr'>venit</span> <span class='ocrx_word' id='word_1_4' title='bbox 370 212 486 242; x_wconf 87' lang='lat' dir='ltr'>nomine</span> <span class='ocrx_word' id='word_1_5' title='bbox 513 212 673 248; x_wconf 73' lang='lat' dir='ltr'>beneficii,</span> <span class='ocrx_word' id='word_1_6' title='bbox 696 210 847 250; x_wconf 83' lang='lat' dir='ltr'>praesertim</span> 
     </span>
     <span class='ocr_line' id='line_1_3' title="bbox 149 254 423 286; baseline -0.022 1"><span class='ocrx_word' id='word_1_7' title='bbox 149 258 180 286; x_wconf 83' lang='lat' dir='ltr'>in</span> <span class='ocrx_word' id='word_1_8' title='bbox 197 268 225 286; x_wconf 86' lang='lat' dir='ltr'>rc</span> <span class='ocrx_word' id='word_1_9' title='bbox 240 256 340 285; x_wconf 85' lang='lat' dir='ltr'>odiosa</span> <span class='ocrx_word' id='word_1_10' title='bbox 355 254 423 282; x_wconf 80' lang='lat' dir='ltr'>ibid.</span> 
     </span>
     <span class='ocr_line' id='line_1_4' title="bbox 184 290 845 336; baseline -0.011 -9"><span class='ocrx_word' id='word_1_11' title='bbox 184 300 288 336; x_wconf 87' lang='lat' dir='ltr'>Neque</span> <span class='ocrx_word' id='word_1_12' title='bbox 302 294 361 324; x_wconf 89' lang='lat' dir='ltr'>ullo</span> <span class='ocrx_word' id='word_1_13' title='bbox 382 294 469 323; x_wconf 90' lang='lat' dir='ltr'>modo</span> <span class='ocrx_word' id='word_1_14' title='bbox 500 293 649 322; x_wconf 84' lang='lat' dir='ltr'>subiicitur</span> <span class='ocrx_word' id='word_1_15' title='bbox 670 290 845 330; x_wconf 75' lang='lat' dir='ltr'>praestationi</span> 
     </span>
    </p>
   </div>
   <div class='ocr_carea' id='block_1_3' title="bbox 929 177 1627 289">
    <p class='ocr_par' dir='ltr' id='par_1_3' title="bbox 929 177 1627 289">
     <span class='ocr_line' id='line_1_5' title="bbox 1556 177 1595 189; baseline 0 0"><span class='ocrx_word' id='word_1_16' title='bbox 1556 178 1569 189; x_wconf 67' lang='lat' dir='ltr'>r·</span> <span class='ocrx_word' id='word_1_17' title='bbox 1581 177 1595 189; x_wconf 54' lang='grc' dir='ltr'>ἢ</span> 
     </span>
     <span class='ocr_line' id='line_1_6' title="bbox 929 178 1626 250; baseline 0.006 -11"><span class='ocrx_word' id='word_1_18' title='bbox 929 211 1008 241; x_wconf 80' lang='lat' dir='ltr'>festis</span> <span class='ocrx_word' id='word_1_19' title='bbox 1020 232 1030 248; x_wconf 89' lang='lat'>,</span> <span class='ocrx_word' id='word_1_20' title='bbox 1057 211 1212 250; x_wconf 84' lang='lat' dir='ltr'>praesertim</span> <span class='ocrx_word' id='word_1_21' title='bbox 1229 208 1470 246; x_wconf 68' lang='lat' dir='ltr'>solemnioribus,</span> <span class='ocrx_word' id='word_1_22' title='bbox 1500 178 1626 250; x_wconf 48' lang='lat' dir='ltr'>praestiss</span> 
     </span>
     <span class='ocr_line' id='line_1_7' title="bbox 929 251 1627 289; baseline 0.001 -8"><span class='ocrx_word' id='word_1_23' title='bbox 929 251 1074 288; x_wconf 69' lang='lat' dir='ltr'>Ecclesiae,</span> <span class='ocrx_word' id='word_1_24' title='bbox 1110 252 1158 280; x_wconf 90' lang='lat' dir='ltr'>cui</span> <span class='ocrx_word' id='word_1_25' title='bbox 1174 251 1306 289; x_wconf 84' lang='lat' dir='ltr'>adscripti</span> <span class='ocrx_word' id='word_1_26' title='bbox 1316 253 1381 279; x_wconf 85' lang='lat' dir='ltr'>sunt</span> <span class='ocrx_word' id='word_1_27' title='bbox 1397 252 1544 281; x_wconf 79' lang='lat' dir='ltr'>servitium</span> <span class='ocrx_word' id='word_1_28' title='bbox 1560 264 1627 288; x_wconf 87' lang='lat' dir='ltr'>,eo-</span> 
     </span>
    </p>
   </div>
   <div class='ocr_carea' id='block_1_4' title="bbox 928 292 1588 332">
    <p class='ocr_par' dir='ltr' id='par_1_4' title="bbox 928 292 1588 332">
     <span class='ocr_line' id='line_1_8' title="bbox 928 292 1588 332; baseline 0.002 -12"><span class='ocrx_word' id='word_1_29' title='bbox 928 302 990 320; x_wconf 87' lang='lat' dir='ltr'>rum</span> <span class='ocrx_word' id='word_1_30' title='bbox 1008 292 1108 332; x_wconf 81' lang='lat' dir='ltr'>gradui</span> <span class='ocrx_word' id='word_1_31' title='bbox 1119 292 1294 321; x_wconf 84' lang='lat' dir='ltr'>conveniens</span> <span class='ocrx_word' id='word_1_32' title='bbox 1307 301 1422 330; x_wconf 50' lang='lat' dir='ltr'>pagna).</span> <span class='ocrx_word' id='word_1_33' title='bbox 1436 295 1460 324; x_wconf 73' lang='lat'>§.</span> <span class='ocrx_word' id='word_1_34' title='bbox 1472 294 1514 319; x_wconf 72' lang='lat' dir='ltr'>Ad</span> <span class='ocrx_word' id='word_1_35' title='bbox 1526 295 1588 321; x_wconf 85' lang='lat' dir='ltr'>III.</span> 
     </span>
    </p>
   </div>
   <div class='ocr_carea' id='block_1_5' title="bbox 147 331 1631 374">
    <p class='ocr_par' dir='ltr' id='par_1_5' title="bbox 147 331 1631 374">
     <span class='ocr_line' id='line_1_9' title="bbox 147 331 1631 374; baseline -0.003 -10"><span class='ocrx_word' id='word_1_36' title='bbox 147 338 246 367; x_wconf 66' lang='lat' dir='ltr'>mediae</span> <span class='ocrx_word' id='word_1_37' title='bbox 264 338 387 365; x_wconf 77' lang='lat' dir='ltr'>Annatae</span> <span class='ocrx_word' id='word_1_38' title='bbox 401 345 468 374; x_wconf 83' lang='lat' dir='ltr'>erga</span> <span class='ocrx_word' id='word_1_39' title='bbox 485 334 630 363; x_wconf 82' lang='lat' dir='ltr'>Fabricam</span> <span class='ocrx_word' id='word_1_40' title='bbox 644 331 770 361; x_wconf 74' lang='lat' dir='ltr'>Ecclesiae</span> <span class='ocrx_word' id='word_1_41' title='bbox 784 332 844 361; x_wconf 86' lang='lat' dir='ltr'>Ca·</span> <span class='ocrx_word' id='word_1_42' title='bbox 885 333 1020 363; x_wconf 81' lang='lat' dir='ltr'>Clericus</span> <span class='ocrx_word' id='word_1_43' title='bbox 1039 331 1133 372; x_wconf 87' lang='lat' dir='ltr'>quoad</span> <span class='ocrx_word' id='word_1_44' title='bbox 1149 331 1395 371; x_wconf 77' lang='lat' dir='ltr'>dispensationem</span> <span class='ocrx_word' id='word_1_45' title='bbox 1404 332 1469 361; x_wconf 86' lang='lat' dir='ltr'>Vid.</span> <span class='ocrx_word' id='word_1_46' title='bbox 1482 333 1631 371; x_wconf 66' lang='lat' dir='ltr'>Dispenfiz-</span> 
     </span>
    </p>
   </div>
   <div class='ocr_carea' id='block_1_6' title="bbox 96 375 863 2743">
    <p class='ocr_par' dir='ltr' id='par_1_6' title="bbox 147 375 369 407">
     <span class='ocr_line' id='line_1_10' title="bbox 147 375 369 407; baseline -0.014 -1"><span class='ocrx_word' id='word_1_47' title='bbox 147 375 283 407; x_wconf 83' lang='lat' dir='ltr'>thedralis</span> <span class='ocrx_word' id='word_1_48' title='bbox 301 377 369 404; x_wconf 85' lang='lat' dir='ltr'><em>ibid.</em></span> 
     </span>
    </p>

    <p class='ocr_par' dir='ltr' id='par_1_7' title="bbox 105 411 847 497">
     <span class='ocr_line' id='line_1_11' title="bbox 105 411 847 457; baseline -0.008 -10"><span class='ocrx_word' id='word_1_49' title='bbox 105 416 276 457; x_wconf 74' lang='lat' dir='ltr'>Capitulum</span> <span class='ocrx_word' id='word_1_50' title='bbox 297 427 354 445; x_wconf 90' lang='lat' dir='ltr'>non</span> <span class='ocrx_word' id='word_1_51' title='bbox 377 415 518 450; x_wconf 84' lang='lat' dir='ltr'>habetur,</span> <span class='ocrx_word' id='word_1_52' title='bbox 541 413 592 443; x_wconf 82' lang='lat' dir='ltr'>nisi</span> <span class='ocrx_word' id='word_1_53' title='bbox 603 423 660 442; x_wconf 84' lang='lat' dir='ltr'>tres</span> <span class='ocrx_word' id='word_1_54' title='bbox 681 411 780 442; x_wconf 81' lang='lat' dir='ltr'>saltem</span> <span class='ocrx_word' id='word_1_55' title='bbox 795 411 847 442; x_wconf 81' lang='lat' dir='ltr'>sint</span> 
     </span>
     <span class='ocr_line' id='line_1_12' title="bbox 143 453 730 497; baseline -0.01 -9"><span class='ocrx_word' id='word_1_56' title='bbox 143 456 330 497; x_wconf 82' lang='lat' dir='ltr'>Capitulares</span> <span class='ocrx_word' id='word_1_57' title='bbox 344 465 409 495; x_wconf 82' lang='lat' dir='ltr'>pag.</span> <span class='ocrx_word' id='word_1_58' title='bbox 423 458 490 484; x_wconf 76' lang='lat'>208.</span> <span class='ocrx_word' id='word_1_59' title='bbox 501 458 526 489; x_wconf 71' lang='lat'>6,</span> <span class='ocrx_word' id='word_1_60' title='bbox 537 454 609 482; x_wconf 83' lang='lat' dir='ltr'>Hinc</span> <span class='ocrx_word' id='word_1_61' title='bbox 624 453 710 481; x_wconf 80' lang='lat' dir='ltr'>etiam</span> <span class='ocrx_word' id='word_1_62' title='bbox 722 474 730 482; x_wconf 86' lang='lat'>.</span> 
     </span>
    </p>

    <p class='ocr_par' dir='ltr' id='par_1_8' title="bbox 109 493 851 571">
     <span class='ocr_line' id='line_1_13' title="bbox 109 493 851 534; baseline -0.008 -7"><span class='ocrx_word' id='word_1_63' title='bbox 109 499 203 528; x_wconf 81' lang='lat' dir='ltr'>Casus</span> <span class='ocrx_word' id='word_1_64' title='bbox 219 498 324 526; x_wconf 66' lang='lat' dir='ltr'>minus</span> <span class='ocrx_word' id='word_1_65' title='bbox 335 497 369 524; x_wconf 82' lang='lat' dir='ltr'>ad</span> <span class='ocrx_word' id='word_1_66' title='bbox 383 495 537 534; x_wconf 82' lang='lat' dir='ltr'>simplicem</span> <span class='ocrx_word' id='word_1_67' title='bbox 553 493 626 522; x_wconf 86' lang='lat' dir='ltr'>trahi</span> <span class='ocrx_word' id='word_1_68' title='bbox 642 494 741 532; x_wconf 88' lang='lat' dir='ltr'>nequir</span> <span class='ocrx_word' id='word_1_69' title='bbox 752 502 851 533; x_wconf 86' lang='lat' dir='ltr'>p.115.</span> 
     </span>
     <span class='ocr_line' id='line_1_14' title="bbox 148 538 431 571; baseline -0.014 -3"><span class='ocrx_word' id='word_1_70' title='bbox 148 542 172 571; x_wconf 71' lang='lat'>§-</span> <span class='ocrx_word' id='word_1_71' title='bbox 184 538 406 567; x_wconf 76' lang='lat' dir='ltr'>Nominationem</span> <span class='ocrx_word' id='word_1_72' title='bbox 423 556 431 564; x_wconf 89' lang='lat'>.</span> 
     </span>
    </p>

    <p class='ocr_par' dir='ltr' id='par_1_9' title="bbox 104 574 855 690">
     <span class='ocr_line' id='line_1_15' title="bbox 113 574 855 614; baseline -0.007 -6"><span class='ocrx_word' id='word_1_73' title='bbox 113 580 210 608; x_wconf 81' lang='lat' dir='ltr'>Casus</span> <span class='ocrx_word' id='word_1_74' title='bbox 227 577 337 607; x_wconf 86' lang='lat' dir='ltr'>insoliti</span> <span class='ocrx_word' id='word_1_75' title='bbox 351 597 362 612; x_wconf 88' lang='lat'>,</span> <span class='ocrx_word' id='word_1_76' title='bbox 390 578 417 604; x_wconf 79' lang='grc' dir='ltr'>δι</span> <span class='ocrx_word' id='word_1_77' title='bbox 441 575 491 614; x_wconf 85' lang='lat' dir='ltr'>qui</span> <span class='ocrx_word' id='word_1_78' title='bbox 508 574 571 603; x_wconf 74' lang='lat' dir='ltr'>raro</span> <span class='ocrx_word' id='word_1_79' title='bbox 587 584 738 604; x_wconf 88' lang='lat' dir='ltr'>occurrunt</span> <span class='ocrx_word' id='word_1_80' title='bbox 750 595 760 611; x_wconf 91' lang='lat'>‚</span> <span class='ocrx_word' id='word_1_81' title='bbox 785 584 855 603; x_wconf 87' lang='lat' dir='ltr'>con-</span> 
     </span>
     <span class='ocr_line' id='line_1_16' title="bbox 147 614 811 654; baseline -0.006 -7"><span class='ocrx_word' id='word_1_82' title='bbox 147 619 237 648; x_wconf 84' lang='lat' dir='ltr'>temni</span> <span class='ocrx_word' id='word_1_83' title='bbox 253 618 357 646; x_wconf 77' lang='lat' dir='ltr'>merito</span> <span class='ocrx_word' id='word_1_84' title='bbox 369 614 532 654; x_wconf 74' lang='lat' dir='ltr'>solentpag.</span> <span class='ocrx_word' id='word_1_85' title='bbox 553 618 618 650; x_wconf 85' lang='lat'>183.</span> <span class='ocrx_word' id='word_1_86' title='bbox 637 619 661 649; x_wconf 63' lang='grc' dir='ltr'>ο.</span> <span class='ocrx_word' id='word_1_87' title='bbox 675 615 787 654; x_wconf 79' lang='lat' dir='ltr'><em>Insuper</em></span> <span class='ocrx_word' id='word_1_88' title='bbox 803 635 811 643; x_wconf 88' lang='lat'>.</span> 
     </span>
     <span class='ocr_line' id='line_1_17' title="bbox 104 654 855 690; baseline -0.005 -2"><span class='ocrx_word' id='word_1_89' title='bbox 104 659 297 688; x_wconf 84' lang='lat' dir='ltr'>Cathechesis</span> <span class='ocrx_word' id='word_1_90' title='bbox 306 656 347 686; x_wconf 89' lang='lat' dir='ltr'>est</span> <span class='ocrx_word' id='word_1_91' title='bbox 357 667 383 685; x_wconf 87' lang='lat' dir='ltr'>m</span> <span class='ocrx_word' id='word_1_92' title='bbox 392 655 485 685; x_wconf 72' lang='lat' dir='ltr'>axime</span> <span class='ocrx_word' id='word_1_93' title='bbox 498 654 576 684; x_wconf 81' lang='lat' dir='ltr'>utilis</span> <span class='ocrx_word' id='word_1_94' title='bbox 586 675 596 690; x_wconf 90' lang='lat'>‚</span> <span class='ocrx_word' id='word_1_95' title='bbox 607 657 634 683; x_wconf 87' lang='lat'>&amp;</span> <span class='ocrx_word' id='word_1_96' title='bbox 647 655 783 685; x_wconf 86' lang='lat' dir='ltr'>Parochis</span> <span class='ocrx_word' id='word_1_97' title='bbox 792 654 855 684; x_wconf 87' lang='lat' dir='ltr'>stri-</span> 
     </span>
    </p>

    <p class='ocr_par' dir='ltr' id='par_1_10' title="bbox 141 695 678 735">
     <span class='ocr_line' id='line_1_18' title="bbox 141 695 678 735; baseline -0.013 -6"><span class='ocrx_word' id='word_1_98' title='bbox 141 697 372 729; x_wconf 61' lang='lat' dir='ltr'>&amp;einculcandm</span> <span class='ocrx_word' id='word_1_99' title='bbox 385 706 450 735; x_wconf 75' lang='lat' dir='ltr'>pag.</span> <span class='ocrx_word' id='word_1_100' title='bbox 469 705 514 731; x_wconf 68' lang='grc' dir='ltr'>ις.</span> <span class='ocrx_word' id='word_1_101' title='bbox 526 696 596 727; x_wconf 65' lang='lat' dir='ltr'>§.Ad</span> <span class='ocrx_word' id='word_1_102' title='bbox 609 695 678 724; x_wconf 83' lang='lat' dir='ltr'>XX.</span> 
     </span>
    </p>

    <p class='ocr_par' dir='ltr' id='par_1_11' title="bbox 103 734 849 859">
     <span class='ocr_line' id='line_1_19' title="bbox 103 734 849 777; baseline -0.007 -8"><span class='ocrx_word' id='word_1_103' title='bbox 103 739 302 769; x_wconf 82' lang='lat' dir='ltr'>Cathedratici</span> <span class='ocrx_word' id='word_1_104' title='bbox 314 737 460 777; x_wconf 80' lang='lat' dir='ltr'>quantitas</span> <span class='ocrx_word' id='word_1_105' title='bbox 480 734 613 764; x_wconf 81' lang='lat' dir='ltr'><strong>excedere</strong></span> <span class='ocrx_word' id='word_1_106' title='bbox 627 746 684 763; x_wconf 90' lang='lat' dir='ltr'>non</span> <span class='ocrx_word' id='word_1_107' title='bbox 701 735 785 764; x_wconf 83' lang='lat' dir='ltr'>debet</span> <span class='ocrx_word' id='word_1_108' title='bbox 802 737 849 764; x_wconf 86' lang='lat' dir='ltr'>so-</span> 
     </span>
     <span class='ocr_line' id='line_1_20' title="bbox 136 775 847 818; baseline -0.008 -9"><span class='ocrx_word' id='word_1_109' title='bbox 136 781 210 809; x_wconf 85' lang='lat' dir='ltr'>lidos</span> <span class='ocrx_word' id='word_1_110' title='bbox 220 779 292 808; x_wconf 91' lang='lat' dir='ltr'>duos</span> <span class='ocrx_word' id='word_1_111' title='bbox 304 788 360 818; x_wconf 85' lang='lat' dir='ltr'>pag</span> <span class='ocrx_word' id='word_1_112' title='bbox 371 798 378 805; x_wconf 94' lang='lat'>.</span> <span class='ocrx_word' id='word_1_113' title='bbox 389 785 438 814; x_wconf 86' lang='lat'>43.</span> <span class='ocrx_word' id='word_1_114' title='bbox 458 780 482 809; x_wconf 55' lang='grc' dir='ltr'>ύ.</span> <span class='ocrx_word' id='word_1_115' title='bbox 495 777 538 802; x_wconf 81' lang='lat' dir='ltr'>De</span> <span class='ocrx_word' id='word_1_116' title='bbox 555 775 746 804; x_wconf 75' lang='lat' dir='ltr'>cathedratico</span> <span class='ocrx_word' id='word_1_117' title='bbox 758 796 768 810; x_wconf 90' lang='lat'>‚</span> <span class='ocrx_word' id='word_1_118' title='bbox 792 786 847 815; x_wconf 86' lang='lat' dir='ltr'>pa-</span> 
     </span>
     <span class='ocr_line' id='line_1_21' title="bbox 135 815 801 859; baseline -0.017 -10"><span class='ocrx_word' id='word_1_119' title='bbox 135 822 195 859; x_wconf 79' lang='lat' dir='ltr'>gin.</span> <span class='ocrx_word' id='word_1_120' title='bbox 209 830 259 857; x_wconf 79' lang='lat'>45.</span> <span class='ocrx_word' id='word_1_121' title='bbox 276 819 346 851; x_wconf 70' lang='lat' dir='ltr'>§.De</span> <span class='ocrx_word' id='word_1_122' title='bbox 360 815 549 846; x_wconf 76' lang='lat' dir='ltr'>Catheciratici</span> <span class='ocrx_word' id='word_1_123' title='bbox 562 833 572 848; x_wconf 88' lang='lat'>,</span> <span class='ocrx_word' id='word_1_124' title='bbox 589 816 658 846; x_wconf 53' lang='grc' dir='ltr'>ΨΦ,</span> <span class='ocrx_word' id='word_1_125' title='bbox 669 817 705 842; x_wconf 85' lang='lat' dir='ltr'>Et</span> <span class='ocrx_word' id='word_1_126' title='bbox 716 816 780 844; x_wconf 69' lang='lat' dir='ltr'>hcet</span> <span class='ocrx_word' id='word_1_127' title='bbox 792 836 801 844; x_wconf 78' lang='lat'>,</span> 
     </span>
    </p>

    <p class='ocr_par' dir='ltr' id='par_1_12' title="bbox 136 853 850 976">
     <span class='ocr_line' id='line_1_22' title="bbox 176 853 843 893; baseline -0.006 -5"><span class='ocrx_word' id='word_1_128' title='bbox 176 861 287 890; x_wconf 87' lang='lat' dir='ltr'>Horum</span> <span class='ocrx_word' id='word_1_129' title='bbox 300 857 456 886; x_wconf 88' lang='lat' dir='ltr'>solidorum</span> <span class='ocrx_word' id='word_1_130' title='bbox 474 853 556 882; x_wconf 81' lang='lat' dir='ltr'>valor</span> <span class='ocrx_word' id='word_1_131' title='bbox 572 854 724 893; x_wconf 80' lang='lat' dir='ltr'>respondet</span> <span class='ocrx_word' id='word_1_132' title='bbox 732 855 843 885; x_wconf 86' lang='lat' dir='ltr'>duobus</span> 
     </span>
     <span class='ocr_line' id='line_1_23' title="bbox 138 893 850 936; baseline -0.013 -6"><span class='ocrx_word' id='word_1_133' title='bbox 138 901 260 930; x_wconf 86' lang='lat' dir='ltr'>Ducatis</span> <span class='ocrx_word' id='word_1_134' title='bbox 277 898 372 936; x_wconf 81' lang='lat' dir='ltr'>Regni</span> <span class='ocrx_word' id='word_1_135' title='bbox 389 893 529 932; x_wconf 79' lang='lat' dir='ltr'>Neapolis</span> <span class='ocrx_word' id='word_1_136' title='bbox 556 895 643 930; x_wconf 57' lang='lat' dir='ltr'>ibid„</span> <span class='ocrx_word' id='word_1_137' title='bbox 665 901 700 925; x_wconf 62' lang='grc' dir='ltr'>ες*</span> <span class='ocrx_word' id='word_1_138' title='bbox 725 906 850 935; x_wconf 79' lang='lat' dir='ltr'>pag.45,</span> 
     </span>
     <span class='ocr_line' id='line_1_24' title="bbox 136 940 383 976; baseline -0.016 -9"><span class='ocrx_word' id='word_1_139' title='bbox 136 946 163 976; x_wconf 57' lang='grc' dir='ltr'>ᾗ.</span> <span class='ocrx_word' id='word_1_140' title='bbox 176 940 258 969; x_wconf 80' lang='lat' dir='ltr'>Valor·</span> <span class='ocrx_word' id='word_1_141' title='bbox 269 945 364 965; x_wconf 78' lang='lat' dir='ltr'>autem</span> <span class='ocrx_word' id='word_1_142' title='bbox 375 956 383 964; x_wconf 91' lang='lat'>.</span> 
     </span>
    </p>

    <p class='ocr_par' dir='ltr' id='par_1_13' title="bbox 179 975 670 1009">
     <span class='ocr_line' id='line_1_25' title="bbox 179 975 670 1009; baseline -0.012 0"><span class='ocrx_word' id='word_1_143' title='bbox 179 983 213 1009; x_wconf 87' lang='lat' dir='ltr'>Et</span> <span class='ocrx_word' id='word_1_144' title='bbox 225 977 337 1008; x_wconf 86' lang='lat' dir='ltr'>duobus</span> <span class='ocrx_word' id='word_1_145' title='bbox 354 975 441 1004; x_wconf 85' lang='lat' dir='ltr'>scutis</span> <span class='ocrx_word' id='word_1_146' title='bbox 453 976 594 1006; x_wconf 84' lang='lat' dir='ltr'>Romanis</span> <span class='ocrx_word' id='word_1_147' title='bbox 602 976 670 1004; x_wconf 83' lang='lat' dir='ltr'>ibid.</span> 
     </span>
    </p>

    <p class='ocr_par' dir='ltr' id='par_1_14' title="bbox 96 1015 851 1176">
     <span class='ocr_line' id='line_1_26' title="bbox 96 1015 851 1053; baseline -0.012 -1"><span class='ocrx_word' id='word_1_148' title='bbox 96 1022 233 1052; x_wconf 77' lang='lat' dir='ltr'>Censurae</span> <span class='ocrx_word' id='word_1_149' title='bbox 243 1019 307 1048; x_wconf 85' lang='lat' dir='ltr'>sunt</span> <span class='ocrx_word' id='word_1_150' title='bbox 322 1015 449 1045; x_wconf 84' lang='lat' dir='ltr'>remedia</span> <span class='ocrx_word' id='word_1_151' title='bbox 462 1035 471 1050; x_wconf 93' lang='lat'>,</span> <span class='ocrx_word' id='word_1_152' title='bbox 496 1016 600 1053; x_wconf 87' lang='lat' dir='ltr'>quibus</span> <span class='ocrx_word' id='word_1_153' title='bbox 616 1016 728 1051; x_wconf 85' lang='lat' dir='ltr'>Judices</span> <span class='ocrx_word' id='word_1_154' title='bbox 751 1015 851 1045; x_wconf 88' lang='lat' dir='ltr'>Eccle-</span> 
     </span>
     <span class='ocr_line' id='line_1_27' title="bbox 135 1055 849 1092; baseline -0.006 -3"><span class='ocrx_word' id='word_1_155' title='bbox 135 1059 239 1091; x_wconf 78' lang='lat' dir='ltr'>fiastici</span> <span class='ocrx_word' id='word_1_156' title='bbox 256 1066 370 1087; x_wconf 85' lang='lat' dir='ltr'>utuntur</span> <span class='ocrx_word' id='word_1_157' title='bbox 386 1077 396 1092; x_wconf 91' lang='lat'>,</span> <span class='ocrx_word' id='word_1_158' title='bbox 431 1065 461 1083; x_wconf 89' lang='lat' dir='ltr'>ut</span> <span class='ocrx_word' id='word_1_159' title='bbox 486 1055 621 1083; x_wconf 87' lang='lat' dir='ltr'>Subditos</span> <span class='ocrx_word' id='word_1_160' title='bbox 649 1056 849 1085; x_wconf 83' lang='lat' dir='ltr'>inobedientes</span> 
     </span>
     <span class='ocr_line' id='line_1_28' title="bbox 138 1095 844 1138; baseline -0.008 -8"><span class='ocrx_word' id='word_1_161' title='bbox 138 1097 312 1138; x_wconf 81' lang='lat' dir='ltr'>compellant</span> <span class='ocrx_word' id='word_1_162' title='bbox 327 1096 363 1125; x_wconf 89' lang='lat' dir='ltr'>ad</span> <span class='ocrx_word' id='word_1_163' title='bbox 379 1095 506 1125; x_wconf 78' lang='lat' dir='ltr'>debitam</span> <span class='ocrx_word' id='word_1_164' title='bbox 525 1096 696 1133; x_wconf 83' lang='lat' dir='ltr'>paritionem</span> <span class='ocrx_word' id='word_1_165' title='bbox 713 1106 778 1135; x_wconf 79' lang='lat' dir='ltr'>pag.</span> <span class='ocrx_word' id='word_1_166' title='bbox 798 1101 844 1125; x_wconf 73' lang='lat'>26.</span> 
     </span>
     <span class='ocr_line' id='line_1_29' title="bbox 134 1138 321 1176; baseline -0.016 -8"><span class='ocrx_word' id='word_1_167' title='bbox 134 1146 167 1176; x_wconf 64' lang='grc'>,9.</span> <span class='ocrx_word' id='word_1_168' title='bbox 185 1145 222 1169; x_wconf 80' lang='lat' dir='ltr'>At</span> <span class='ocrx_word' id='word_1_169' title='bbox 231 1138 301 1167; x_wconf 80' lang='lat' dir='ltr'>nibil</span> <span class='ocrx_word' id='word_1_170' title='bbox 313 1158 321 1166; x_wconf 86' lang='lat'>.</span> 
     </span>
    </p>

    <p class='ocr_par' dir='ltr' id='par_1_15' title="bbox 131 1175 850 1341">
     <span class='ocr_line' id='line_1_30' title="bbox 174 1175 846 1213; baseline -0.004 -4"><span class='ocrx_word' id='word_1_171' title='bbox 174 1180 221 1210; x_wconf 85' lang='lat' dir='ltr'>Ad</span> <span class='ocrx_word' id='word_1_172' title='bbox 232 1189 279 1208; x_wconf 86' lang='lat' dir='ltr'>eas</span> <span class='ocrx_word' id='word_1_173' title='bbox 296 1175 489 1207; x_wconf 85' lang='lat' dir='ltr'>excludendas</span> <span class='ocrx_word' id='word_1_174' title='bbox 505 1175 615 1205; x_wconf 87' lang='lat' dir='ltr'>sufficit</span> <span class='ocrx_word' id='word_1_175' title='bbox 627 1175 718 1206; x_wconf 77' lang='lat' dir='ltr'>abesse</span> <span class='ocrx_word' id='word_1_176' title='bbox 735 1177 846 1213; x_wconf 87' lang='lat' dir='ltr'>dolum,</span> 
     </span>
     <span class='ocr_line' id='line_1_31' title="bbox 135 1216 850 1256; baseline -0.006 -6"><span class='ocrx_word' id='word_1_177' title='bbox 135 1222 165 1250; x_wconf 74' lang='grc'>8(</span> <span class='ocrx_word' id='word_1_178' title='bbox 180 1219 331 1253; x_wconf 79' lang='lat' dir='ltr'>fraudem,</span> <span class='ocrx_word' id='word_1_179' title='bbox 352 1220 379 1246; x_wconf 89' lang='lat'>&amp;</span> <span class='ocrx_word' id='word_1_180' title='bbox 392 1216 530 1256; x_wconf 82' lang='lat' dir='ltr'>quaelibet</span> <span class='ocrx_word' id='word_1_181' title='bbox 547 1218 653 1253; x_wconf 81' lang='lat' dir='ltr'>causa,</span> <span class='ocrx_word' id='word_1_182' title='bbox 679 1217 745 1247; x_wconf 90' lang='lat' dir='ltr'>licet</span> <span class='ocrx_word' id='word_1_183' title='bbox 767 1217 850 1246; x_wconf 89' lang='lat' dir='ltr'>colo-</span> 
     </span>
     <span class='ocr_line' id='line_1_32' title="bbox 136 1256 850 1297; baseline -0.013 -6"><span class='ocrx_word' id='word_1_184' title='bbox 136 1271 216 1296; x_wconf 80' lang='lat' dir='ltr'>rata,</span> <span class='ocrx_word' id='word_1_185' title='bbox 236 1262 264 1289; x_wconf 87' lang='lat'>&amp;</span> <span class='ocrx_word' id='word_1_186' title='bbox 280 1256 450 1289; x_wconf 84' lang='lat' dir='ltr'>verosimilis</span> <span class='ocrx_word' id='word_1_187' title='bbox 475 1258 590 1285; x_wconf 83' lang='lat' dir='ltr'>excusat</span> <span class='ocrx_word' id='word_1_188' title='bbox 601 1267 665 1297; x_wconf 79' lang='lat' dir='ltr'>pag.</span> <span class='ocrx_word' id='word_1_189' title='bbox 677 1261 724 1295; x_wconf 81' lang='lat'>84,</span> <span class='ocrx_word' id='word_1_190' title='bbox 742 1261 766 1290; x_wconf 67' lang='lat'>9.</span> <span class='ocrx_word' id='word_1_191' title='bbox 783 1259 850 1287; x_wconf 78' lang='lat' dir='ltr'>Per.</span> 
     </span>
     <span class='ocr_line' id='line_1_33' title="bbox 131 1300 673 1341; baseline -0.006 -11"><span class='ocrx_word' id='word_1_192' title='bbox 131 1311 250 1341; x_wconf 80' lang='lat' dir='ltr'>peram,</span> <span class='ocrx_word' id='word_1_193' title='bbox 265 1305 375 1338; x_wconf 60' lang='lat' dir='ltr'>&amp;pag</span> <span class='ocrx_word' id='word_1_194' title='bbox 391 1300 438 1331; x_wconf 86' lang='lat'>87.</span> <span class='ocrx_word' id='word_1_195' title='bbox 453 1302 478 1332; x_wconf 72' lang='lat'>§-</span> <span class='ocrx_word' id='word_1_196' title='bbox 491 1301 536 1326; x_wconf 80' lang='lat' dir='ltr'>An</span> <span class='ocrx_word' id='word_1_197' title='bbox 553 1306 649 1326; x_wconf 80' lang='lat' dir='ltr'>autem</span> <span class='ocrx_word' id='word_1_198' title='bbox 666 1320 673 1327; x_wconf 90' lang='lat'>.</span> 
     </span>
    </p>

    <p class='ocr_par' dir='ltr' id='par_1_16' title="bbox 100 1337 852 1461">
     <span class='ocr_line' id='line_1_34' title="bbox 100 1337 851 1377; baseline -0.004 -7"><span class='ocrx_word' id='word_1_199' title='bbox 100 1337 179 1371; x_wconf 76' lang='lat' dir='ltr'>Hinc</span> <span class='ocrx_word' id='word_1_200' title='bbox 189 1341 304 1371; x_wconf 84' lang='lat' dir='ltr'>excusat</span> <span class='ocrx_word' id='word_1_201' title='bbox 320 1340 406 1368; x_wconf 84' lang='lat' dir='ltr'>etiam</span> <span class='ocrx_word' id='word_1_202' title='bbox 424 1338 591 1377; x_wconf 79' lang='lat' dir='ltr'>ignorantia</span> <span class='ocrx_word' id='word_1_203' title='bbox 613 1338 668 1368; x_wconf 81' lang='lat' dir='ltr'>five</span> <span class='ocrx_word' id='word_1_204' title='bbox 684 1340 772 1375; x_wconf 78' lang='lat' dir='ltr'>juris,</span> <span class='ocrx_word' id='word_1_205' title='bbox 796 1338 851 1367; x_wconf 81' lang='lat' dir='ltr'>sive</span> 
     </span>
     <span class='ocr_line' id='line_1_35' title="bbox 137 1376 852 1416; baseline -0.007 -4"><span class='ocrx_word' id='word_1_206' title='bbox 137 1382 228 1416; x_wconf 67' lang='lat' dir='ltr'>fasti,</span> <span class='ocrx_word' id='word_1_207' title='bbox 251 1378 408 1409; x_wconf 86' lang='lat' dir='ltr'>dummodo</span> <span class='ocrx_word' id='word_1_208' title='bbox 417 1376 503 1406; x_wconf 82' lang='lat' dir='ltr'>crassa</span> <span class='ocrx_word' id='word_1_209' title='bbox 519 1387 576 1405; x_wconf 86' lang='lat' dir='ltr'>non</span> <span class='ocrx_word' id='word_1_210' title='bbox 595 1377 626 1406; x_wconf 86' lang='lat' dir='ltr'>sit</span> <span class='ocrx_word' id='word_1_211' title='bbox 640 1398 651 1414; x_wconf 87' lang='lat'>,</span> <span class='ocrx_word' id='word_1_212' title='bbox 686 1389 735 1408; x_wconf 85' lang='lat' dir='ltr'>aut</span> <span class='ocrx_word' id='word_1_213' title='bbox 747 1380 852 1416; x_wconf 77' lang='lat' dir='ltr'>Supina</span> 
     </span>
     <span class='ocr_line' id='line_1_36' title="bbox 134 1423 430 1461; baseline -0.014 -11"><span class='ocrx_word' id='word_1_214' title='bbox 134 1431 200 1461; x_wconf 78' lang='lat' dir='ltr'>pag.</span> <span class='ocrx_word' id='word_1_215' title='bbox 212 1424 259 1449; x_wconf 82' lang='lat'>86.</span> <span class='ocrx_word' id='word_1_216' title='bbox 269 1424 293 1453; x_wconf 57' lang='lat'>§-</span> <span class='ocrx_word' id='word_1_217' title='bbox 311 1423 413 1447; x_wconf 83' lang='lat' dir='ltr'>Verum</span> <span class='ocrx_word' id='word_1_218' title='bbox 423 1439 430 1446; x_wconf 87' lang='lat'>.</span> 
     </span>
    </p>

    <p class='ocr_par' dir='ltr' id='par_1_17' title="bbox 139 1457 853 1539">
     <span class='ocr_line' id='line_1_37' title="bbox 177 1457 853 1497; baseline -0.009 -7"><span class='ocrx_word' id='word_1_219' title='bbox 177 1460 336 1490; x_wconf 79' lang='lat' dir='ltr'>Absolutio</span> <span class='ocrx_word' id='word_1_220' title='bbox 349 1458 384 1486; x_wconf 85' lang='lat' dir='ltr'>ab</span> <span class='ocrx_word' id='word_1_221' title='bbox 397 1458 503 1486; x_wconf 85' lang='lat' dir='ltr'>eisdem</span> <span class='ocrx_word' id='word_1_222' title='bbox 519 1479 529 1494; x_wconf 82' lang='lat'>,</span> <span class='ocrx_word' id='word_1_223' title='bbox 549 1458 665 1497; x_wconf 81' lang='lat' dir='ltr'>quando</span> <span class='ocrx_word' id='word_1_224' title='bbox 676 1457 853 1496; x_wconf 79' lang='lat' dir='ltr'>indulgenda</span> 
     </span>
     <span class='ocr_line' id='line_1_38' title="bbox 139 1501 515 1539; baseline -0.013 -10"><span class='ocrx_word' id='word_1_225' title='bbox 139 1511 205 1539; x_wconf 77' lang='lat' dir='ltr'>pag.</span> <span class='ocrx_word' id='word_1_226' title='bbox 217 1503 263 1536; x_wconf 84' lang='lat'>84.</span> <span class='ocrx_word' id='word_1_227' title='bbox 276 1503 299 1532; x_wconf 59' lang='grc' dir='ltr'>ςῑ.</span> <span class='ocrx_word' id='word_1_228' title='bbox 314 1501 491 1527; x_wconf 71' lang='grc' dir='ltr'>Εκιναηεανη</span> <span class='ocrx_word' id='word_1_229' title='bbox 508 1519 515 1525; x_wconf 91' lang='grc'><strong>.</strong></span> 
     </span>
    </p>

    <p class='ocr_par' dir='ltr' id='par_1_18' title="bbox 104 1537 631 1570">
     <span class='ocr_line' id='line_1_39' title="bbox 104 1537 631 1570; baseline -0.008 0"><span class='ocrx_word' id='word_1_230' title='bbox 104 1541 134 1570; x_wconf 84' lang='lat' dir='ltr'>C</span> <span class='ocrx_word' id='word_1_231' title='bbox 138 1541 206 1570; x_wconf 81' lang='lat' dir='ltr'>hor-i</span> <span class='ocrx_word' id='word_1_232' title='bbox 220 1540 368 1568; x_wconf 84' lang='lat' dir='ltr'>servitium</span> <span class='ocrx_word' id='word_1_233' title='bbox 384 1559 391 1566; x_wconf 92' lang='lat'>.</span> <span class='ocrx_word' id='word_1_234' title='bbox 407 1537 473 1566; x_wconf 89' lang='lat' dir='ltr'>Vid.</span> <span class='ocrx_word' id='word_1_235' title='bbox 486 1539 616 1566; x_wconf 79' lang='lat' dir='ltr'>Canonici</span> <span class='ocrx_word' id='word_1_236' title='bbox 623 1560 631 1566; x_wconf 87' lang='lat'>.</span> 
     </span>
    </p>

    <p class='ocr_par' dir='ltr' id='par_1_19' title="bbox 102 1577 854 1698">
     <span class='ocr_line' id='line_1_40' title="bbox 102 1577 854 1613; baseline -0.004 -2"><span class='ocrx_word' id='word_1_237' title='bbox 102 1585 143 1611; x_wconf 83' lang='lat' dir='ltr'>Ex</span> <span class='ocrx_word' id='word_1_238' title='bbox 163 1579 391 1610; x_wconf 86' lang='lat' dir='ltr'>circumstantiis</span> <span class='ocrx_word' id='word_1_239' title='bbox 408 1577 585 1613; x_wconf 84' lang='lat' dir='ltr'>desumitur,</span> <span class='ocrx_word' id='word_1_240' title='bbox 603 1589 638 1606; x_wconf 85' lang='lat' dir='ltr'>:m</span> <span class='ocrx_word' id='word_1_241' title='bbox 665 1578 854 1608; x_wconf 80' lang='lat' dir='ltr'>homicidium</span> 
     </span>
     <span class='ocr_line' id='line_1_41' title="bbox 149 1616 854 1657; baseline -0.003 -8"><span class='ocrx_word' id='word_1_242' title='bbox 149 1619 264 1650; x_wconf 80' lang='lat' dir='ltr'>casuale</span> <span class='ocrx_word' id='word_1_243' title='bbox 277 1620 368 1648; x_wconf 86' lang='lat' dir='ltr'>fuerit</span> <span class='ocrx_word' id='word_1_244' title='bbox 382 1637 394 1652; x_wconf 86' lang='lat'>,</span> <span class='ocrx_word' id='word_1_245' title='bbox 421 1616 465 1646; x_wconf 89' lang='lat' dir='ltr'>vel</span> <span class='ocrx_word' id='word_1_246' title='bbox 484 1617 676 1647; x_wconf 84' lang='lat' dir='ltr'>voluntarium</span> <span class='ocrx_word' id='word_1_247' title='bbox 693 1639 704 1654; x_wconf 88' lang='lat'>,</span> <span class='ocrx_word' id='word_1_248' title='bbox 736 1621 763 1647; x_wconf 72' lang='lat'>8&lt;</span> <span class='ocrx_word' id='word_1_249' title='bbox 792 1630 854 1657; x_wconf 74' lang='lat' dir='ltr'>quae</span> 
     </span>
     <span class='ocr_line' id='line_1_42' title="bbox 144 1657 733 1698; baseline -0.005 -9"><span class='ocrx_word' id='word_1_250' title='bbox 144 1660 204 1689; x_wconf 65' lang='lat' dir='ltr'>istae</span> <span class='ocrx_word' id='word_1_251' title='bbox 223 1659 276 1688; x_wconf 83' lang='lat' dir='ltr'>fint</span> <span class='ocrx_word' id='word_1_252' title='bbox 287 1668 354 1698; x_wconf 82' lang='lat' dir='ltr'>pag.</span> <span class='ocrx_word' id='word_1_253' title='bbox 372 1667 444 1693; x_wconf 83' lang='lat'>231.</span> <span class='ocrx_word' id='word_1_254' title='bbox 462 1659 486 1688; x_wconf 59' lang='grc' dir='ltr'>Φ.</span> <span class='ocrx_word' id='word_1_255' title='bbox 502 1657 607 1685; x_wconf 76' lang='lat' dir='ltr'>Tenent</span> <span class='ocrx_word' id='word_1_256' title='bbox 623 1667 733 1687; x_wconf 78' lang='lat' dir='ltr'>autem.</span> 
     </span>
    </p>

    <p class='ocr_par' dir='ltr' id='par_1_20' title="bbox 102 1696 856 1778">
     <span class='ocr_line' id='line_1_43' title="bbox 102 1696 856 1736; baseline -0.003 -6"><span class='ocrx_word' id='word_1_257' title='bbox 102 1700 218 1730; x_wconf 85' lang='lat' dir='ltr'>Citatio</span> <span class='ocrx_word' id='word_1_258' title='bbox 234 1697 391 1728; x_wconf 76' lang='lat' dir='ltr'>necessaria</span> <span class='ocrx_word' id='word_1_259' title='bbox 408 1696 447 1726; x_wconf 89' lang='lat' dir='ltr'>est</span> <span class='ocrx_word' id='word_1_260' title='bbox 456 1707 520 1725; x_wconf 82' lang='lat' dir='ltr'>ante</span> <span class='ocrx_word' id='word_1_261' title='bbox 532 1697 722 1736; x_wconf 79' lang='lat' dir='ltr'>prolationem</span> <span class='ocrx_word' id='word_1_262' title='bbox 740 1699 856 1728; x_wconf 87' lang='lat' dir='ltr'>senten-</span> 
     </span>
     <span class='ocr_line' id='line_1_44' title="bbox 143 1740 596 1778; baseline -0.011 -9"><span class='ocrx_word' id='word_1_263' title='bbox 143 1741 190 1769; x_wconf 77' lang='lat' dir='ltr'>tiae</span> <span class='ocrx_word' id='word_1_264' title='bbox 199 1750 264 1778; x_wconf 82' lang='lat' dir='ltr'>pag.</span> <span class='ocrx_word' id='word_1_265' title='bbox 280 1749 348 1767; x_wconf 56' lang='grc' dir='ltr'>κιο.</span> <span class='ocrx_word' id='word_1_266' title='bbox 366 1743 390 1771; x_wconf 58' lang='grc' dir='ltr'>ᾗ.</span> <span class='ocrx_word' id='word_1_267' title='bbox 404 1740 466 1766; x_wconf 67' lang='lat' dir='ltr'>Haec</span> <span class='ocrx_word' id='word_1_268' title='bbox 483 1740 578 1765; x_wconf 79' lang='lat' dir='ltr'>omnia</span> <span class='ocrx_word' id='word_1_269' title='bbox 588 1760 596 1766; x_wconf 87' lang='lat'>.</span> 
     </span>
    </p>

    <p class='ocr_par' dir='ltr' id='par_1_21' title="bbox 99 1776 855 1855">
     <span class='ocr_line' id='line_1_45' title="bbox 99 1776 855 1819; baseline -0.003 -9"><span class='ocrx_word' id='word_1_270' title='bbox 99 1781 192 1810; x_wconf 82' lang='lat' dir='ltr'>Cives</span> <span class='ocrx_word' id='word_1_271' title='bbox 203 1779 273 1808; x_wconf 79' lang='lat' dir='ltr'>siunt</span> <span class='ocrx_word' id='word_1_272' title='bbox 289 1778 414 1818; x_wconf 83' lang='lat' dir='ltr'>origine,</span> <span class='ocrx_word' id='word_1_273' title='bbox 427 1776 533 1806; x_wconf 67' lang='lat' dir='ltr'>Incolae</span> <span class='ocrx_word' id='word_1_274' title='bbox 548 1778 704 1808; x_wconf 82' lang='lat' dir='ltr'>domicili0</span> <span class='ocrx_word' id='word_1_275' title='bbox 715 1790 799 1819; x_wconf 74' lang='lat' dir='ltr'>pag-1</span> <span class='ocrx_word' id='word_1_276' title='bbox 809 1790 855 1809; x_wconf 87' lang='lat'>10.</span> 
     </span>
     <span class='ocr_line' id='line_1_46' title="bbox 145 1820 282 1855; baseline -0.015 -6"><span class='ocrx_word' id='word_1_277' title='bbox 145 1826 170 1855; x_wconf 68' lang='lat'>§-</span> <span class='ocrx_word' id='word_1_278' title='bbox 181 1820 266 1848; x_wconf 68' lang='lat' dir='ltr'>Plane³</span> <span class='ocrx_word' id='word_1_279' title='bbox 274 1840 282 1847; x_wconf 91' lang='lat'>.</span> 
     </span>
    </p>

    <p class='ocr_par' dir='ltr' id='par_1_22' title="bbox 101 1858 856 1980">
     <span class='ocr_line' id='line_1_47' title="bbox 101 1858 856 1900; baseline 0 -10"><span class='ocrx_word' id='word_1_280' title='bbox 101 1861 190 1890; x_wconf 80' lang='lat' dir='ltr'>civis</span> <span class='ocrx_word' id='word_1_281' title='bbox 206 1859 323 1899; x_wconf 85' lang='lat' dir='ltr'>quando</span> <span class='ocrx_word' id='word_1_282' title='bbox 333 1859 396 1898; x_wconf 89' lang='lat' dir='ltr'>quis</span> <span class='ocrx_word' id='word_1_283' title='bbox 413 1858 524 1888; x_wconf 85' lang='lat' dir='ltr'>dicatur</span> <span class='ocrx_word' id='word_1_284' title='bbox 541 1859 675 1900; x_wconf 77' lang='lat' dir='ltr'>origine,</span> <span class='ocrx_word' id='word_1_285' title='bbox 703 1860 748 1889; x_wconf 84' lang='lat' dir='ltr'>vel</span> <span class='ocrx_word' id='word_1_286' title='bbox 764 1861 856 1890; x_wconf 89' lang='lat' dir='ltr'>domi-</span> 
     </span>
     <span class='ocr_line' id='line_1_48' title="bbox 141 1898 856 1941; baseline 0.001 -12"><span class='ocrx_word' id='word_1_287' title='bbox 141 1899 214 1930; x_wconf 87' lang='lat' dir='ltr'>cilio</span> <span class='ocrx_word' id='word_1_288' title='bbox 224 1920 234 1935; x_wconf 88' lang='lat'>‚</span> <span class='ocrx_word' id='word_1_289' title='bbox 256 1899 291 1927; x_wconf 85' lang='lat' dir='ltr'>ad</span> <span class='ocrx_word' id='word_1_290' title='bbox 302 1898 431 1928; x_wconf 67' lang='lat' dir='ltr'>effefihlm</span> <span class='ocrx_word' id='word_1_291' title='bbox 442 1900 635 1938; x_wconf 85' lang='lat' dir='ltr'>consequendi</span> <span class='ocrx_word' id='word_1_292' title='bbox 651 1903 856 1941; x_wconf 81' lang='lat' dir='ltr'>Legatum‚aut</span> 
     </span>
     <span class='ocr_line' id='line_1_49' title="bbox 142 1939 812 1980; baseline 0 -10"><span class='ocrx_word' id='word_1_293' title='bbox 142 1939 342 1970; x_wconf 75' lang='lat' dir='ltr'>haereditatem</span> <span class='ocrx_word' id='word_1_294' title='bbox 356 1948 421 1978; x_wconf 86' lang='lat' dir='ltr'><em>pag.</em></span> <span class='ocrx_word' id='word_1_295' title='bbox 441 1948 508 1967; x_wconf 90' lang='lat'>111.</span> <span class='ocrx_word' id='word_1_296' title='bbox 526 1944 549 1972; x_wconf 61' lang='grc'>9.</span> <span class='ocrx_word' id='word_1_297' title='bbox 567 1941 695 1977; x_wconf 78' lang='lat' dir='ltr'>Carolus,</span> <span class='ocrx_word' id='word_1_298' title='bbox 708 1941 812 1980; x_wconf 54' lang='lat' dir='ltr'>&amp;stup</span> 
     </span>
    </p>

    <p class='ocr_par' dir='ltr' id='par_1_23' title="bbox 102 1978 855 2097">
     <span class='ocr_line' id='line_1_50' title="bbox 102 1978 853 2020; baseline 0 -10"><span class='ocrx_word' id='word_1_299' title='bbox 102 1981 233 2010; x_wconf 76' lang='lat' dir='ltr'>Civibus</span> <span class='ocrx_word' id='word_1_300' title='bbox 248 1978 377 2008; x_wconf 66' lang='lat' dir='ltr'>relietum</span> <span class='ocrx_word' id='word_1_301' title='bbox 395 1978 519 2018; x_wconf 75' lang='lat' dir='ltr'>legatum</span> <span class='ocrx_word' id='word_1_302' title='bbox 537 1982 578 2009; x_wconf 86' lang='lat' dir='ltr'>eis</span> <span class='ocrx_word' id='word_1_303' title='bbox 594 1990 706 2020; x_wconf 85' lang='lat' dir='ltr'>quoque</span> <span class='ocrx_word' id='word_1_304' title='bbox 722 1982 853 2017; x_wconf 84' lang='lat' dir='ltr'>debetur,</span> 
     </span>
     <span class='ocr_line' id='line_1_51' title="bbox 147 2017 855 2061; baseline 0.003 -13"><span class='ocrx_word' id='word_1_305' title='bbox 147 2021 195 2059; x_wconf 84' lang='lat' dir='ltr'>qui</span> <span class='ocrx_word' id='word_1_306' title='bbox 228 2017 401 2048; x_wconf 79' lang='lat' dir='ltr'>civilitatem</span> <span class='ocrx_word' id='word_1_307' title='bbox 429 2020 640 2056; x_wconf 75' lang='lat' dir='ltr'>acquisiverint</span> <span class='ocrx_word' id='word_1_308' title='bbox 661 2023 757 2061; x_wconf 78' lang='lat' dir='ltr'>pagin.</span> <span class='ocrx_word' id='word_1_309' title='bbox 787 2031 855 2052; x_wconf 83' lang='grc' dir='ltr'>1ιο.</span> 
     </span>
     <span class='ocr_line' id='line_1_52' title="bbox 147 2060 272 2097; baseline -0.008 -8"><span class='ocrx_word' id='word_1_310' title='bbox 147 2061 221 2089; x_wconf 79' lang='lat' dir='ltr'>Hinc</span> <span class='ocrx_word' id='word_1_311' title='bbox 223 2060 253 2097; x_wconf 81' lang='lat' dir='ltr'><em>fi</em></span> <span class='ocrx_word' id='word_1_312' title='bbox 263 2080 272 2088; x_wconf 79' lang='grc'><strong>.</strong></span> 
     </span>
    </p>

    <p class='ocr_par' dir='ltr' id='par_1_24' title="bbox 147 2098 860 2178">
     <span class='ocr_line' id='line_1_53' title="bbox 149 2098 860 2142; baseline 0.007 -15"><span class='ocrx_word' id='word_1_313' title='bbox 149 2127 153 2131; x_wconf 86' lang='grc'><em>,</em></span> <span class='ocrx_word' id='word_1_314' title='bbox 186 2099 355 2128; x_wconf 88' lang='lat' dir='ltr'>Dummodo</span> <span class='ocrx_word' id='word_1_315' title='bbox 366 2098 501 2129; x_wconf 86' lang='lat' dir='ltr'>Testator</span> <span class='ocrx_word' id='word_1_316' title='bbox 510 2111 567 2130; x_wconf 88' lang='lat' dir='ltr'>non</span> <span class='ocrx_word' id='word_1_317' title='bbox 578 2102 733 2140; x_wconf 83' lang='lat' dir='ltr'>respexerit</span> <span class='ocrx_word' id='word_1_318' title='bbox 741 2103 775 2132; x_wconf 81' lang='lat' dir='ltr'>ad</span> <span class='ocrx_word' id='word_1_319' title='bbox 785 2111 860 2142; x_wconf 84' lang='lat' dir='ltr'>qua-</span> 
     </span>
     <span class='ocr_line' id='line_1_54' title="bbox 147 2138 640 2178; baseline 0 -9"><span class='ocrx_word' id='word_1_320' title='bbox 147 2140 258 2169; x_wconf 85' lang='lat' dir='ltr'>litatem</span> <span class='ocrx_word' id='word_1_321' title='bbox 268 2160 278 2175; x_wconf 83' lang='lat'>,</span> <span class='ocrx_word' id='word_1_322' title='bbox 297 2149 358 2178; x_wconf 76' lang='lat' dir='ltr'>quae</span> <span class='ocrx_word' id='word_1_323' title='bbox 371 2138 506 2168; x_wconf 88' lang='lat' dir='ltr'>naturalis</span> <span class='ocrx_word' id='word_1_324' title='bbox 523 2141 561 2169; x_wconf 85' lang='lat' dir='ltr'>sit</span> <span class='ocrx_word' id='word_1_325' title='bbox 572 2142 640 2170; x_wconf 83' lang='lat' dir='ltr'>ibid.</span> 
     </span>
    </p>

    <p class='ocr_par' dir='ltr' id='par_1_25' title="bbox 106 2179 858 2378">
     <span class='ocr_line' id='line_1_55' title="bbox 106 2179 855 2217; baseline -0.004 -7"><span class='ocrx_word' id='word_1_326' title='bbox 106 2180 244 2210; x_wconf 81' lang='lat' dir='ltr'>Civilitas</span> <span class='ocrx_word' id='word_1_327' title='bbox 255 2190 311 2208; x_wconf 86' lang='lat' dir='ltr'>non</span> <span class='ocrx_word' id='word_1_328' title='bbox 329 2179 484 2217; x_wconf 81' lang='lat' dir='ltr'>acquiritur</span> <span class='ocrx_word' id='word_1_329' title='bbox 501 2190 549 2217; x_wconf 86' lang='lat' dir='ltr'>per</span> <span class='ocrx_word' id='word_1_330' title='bbox 566 2181 723 2212; x_wconf 77' lang='lat' dir='ltr'>incolatum</span> <span class='ocrx_word' id='word_1_331' title='bbox 741 2194 774 2213; x_wconf 86' lang='lat' dir='ltr'>ex</span> <span class='ocrx_word' id='word_1_332' title='bbox 787 2194 855 2213; x_wconf 90' lang='lat' dir='ltr'>cau-</span> 
     </span>
     <span class='ocr_line' id='line_1_56' title="bbox 148 2219 855 2259; baseline 0.006 -10"><span class='ocrx_word' id='word_1_333' title='bbox 148 2221 178 2250; x_wconf 78' lang='lat' dir='ltr'>sa</span> <span class='ocrx_word' id='word_1_334' title='bbox 188 2219 343 2249; x_wconf 88' lang='lat' dir='ltr'>Ministerii</span> <span class='ocrx_word' id='word_1_335' title='bbox 353 2239 363 2253; x_wconf 90' lang='lat'>,</span> <span class='ocrx_word' id='word_1_336' title='bbox 386 2220 439 2247; x_wconf 81' lang='lat' dir='ltr'>etsi</span> <span class='ocrx_word' id='word_1_337' title='bbox 450 2219 613 2250; x_wconf 74' lang='lat' dir='ltr'>decennalis</span> <span class='ocrx_word' id='word_1_338' title='bbox 625 2241 635 2256; x_wconf 85' lang='lat'>‚</span> <span class='ocrx_word' id='word_1_339' title='bbox 651 2223 855 2259; x_wconf 83' lang='lat' dir='ltr'>vicennalis‚&amp;</span> 
     </span>
     <span class='ocr_line' id='line_1_57' title="bbox 151 2259 858 2301; baseline 0.008 -14"><span class='ocrx_word' id='word_1_340' title='bbox 151 2260 319 2288; x_wconf 82' lang='lat' dir='ltr'>tricenarius</span> <span class='ocrx_word' id='word_1_341' title='bbox 343 2259 432 2287; x_wconf 80' lang='lat' dir='ltr'>fuerit</span> <span class='ocrx_word' id='word_1_342' title='bbox 445 2280 455 2294; x_wconf 90' lang='lat'>‚</span> <span class='ocrx_word' id='word_1_343' title='bbox 491 2260 542 2288; x_wconf 83' lang='lat' dir='ltr'>nisi</span> <span class='ocrx_word' id='word_1_344' title='bbox 570 2261 658 2289; x_wconf 84' lang='lat' dir='ltr'>adsint</span> <span class='ocrx_word' id='word_1_345' title='bbox 674 2261 750 2301; x_wconf 77' lang='lat' dir='ltr'>signa</span> <span class='ocrx_word' id='word_1_346' title='bbox 768 2264 858 2293; x_wconf 86' lang='lat' dir='ltr'>deno-</span> 
     </span>
     <span class='ocr_line' id='line_1_58' title="bbox 147 2297 858 2341; baseline 0.007 -14"><span class='ocrx_word' id='word_1_347' title='bbox 147 2299 258 2333; x_wconf 80' lang='lat' dir='ltr'>tantia,</span> <span class='ocrx_word' id='word_1_348' title='bbox 271 2297 453 2327; x_wconf 81' lang='lat' dir='ltr'>constitutum</span> <span class='ocrx_word' id='word_1_349' title='bbox 474 2301 502 2328; x_wconf 88' lang='lat' dir='ltr'>in</span> <span class='ocrx_word' id='word_1_350' title='bbox 518 2299 615 2339; x_wconf 86' lang='lat' dir='ltr'>aliquo</span> <span class='ocrx_word' id='word_1_351' title='bbox 632 2301 698 2329; x_wconf 86' lang='lat' dir='ltr'>loco</span> <span class='ocrx_word' id='word_1_352' title='bbox 710 2302 790 2332; x_wconf 80' lang='lat' dir='ltr'>fuisse</span> <span class='ocrx_word' id='word_1_353' title='bbox 799 2314 858 2341; x_wconf 85' lang='lat' dir='ltr'>per-</span> 
     </span>
     <span class='ocr_line' id='line_1_59' title="bbox 149 2338 858 2378; baseline 0.007 -12"><span class='ocrx_word' id='word_1_354' title='bbox 149 2348 264 2377; x_wconf 85' lang='lat' dir='ltr'>petuum</span> <span class='ocrx_word' id='word_1_355' title='bbox 278 2338 460 2368; x_wconf 85' lang='lat' dir='ltr'>domicilium</span> <span class='ocrx_word' id='word_1_356' title='bbox 473 2350 539 2378; x_wconf 66' lang='lat' dir='ltr'>pag,</span> <span class='ocrx_word' id='word_1_357' title='bbox 557 2350 624 2377; x_wconf 87' lang='lat'>109.</span> <span class='ocrx_word' id='word_1_358' title='bbox 646 2344 726 2373; x_wconf 78' lang='lat' dir='ltr'>§.Ad</span> <span class='ocrx_word' id='word_1_359' title='bbox 741 2342 858 2371; x_wconf 81' lang='lat' dir='ltr'>nullita-</span> 
     </span>
    </p>

    <p class='ocr_par' dir='ltr' id='par_1_26' title="bbox 155 2387 229 2407">
     <span class='ocr_line' id='line_1_60' title="bbox 155 2387 229 2407; baseline -0.014 0"><span class='ocrx_word' id='word_1_360' title='bbox 155 2387 211 2407; x_wconf 76' lang='lat' dir='ltr'>tem</span> <span class='ocrx_word' id='word_1_361' title='bbox 222 2399 229 2406; x_wconf 90' lang='lat'>.</span> 
     </span>
    </p>

    <p class='ocr_par' dir='ltr' id='par_1_27' title="bbox 112 2417 863 2572">
     <span class='ocr_line' id='line_1_61' title="bbox 112 2417 859 2460; baseline 0.005 -14"><span class='ocrx_word' id='word_1_362' title='bbox 112 2417 253 2448; x_wconf 73' lang='lat' dir='ltr'>Civilitas</span> <span class='ocrx_word' id='word_1_363' title='bbox 263 2417 442 2448; x_wconf 83' lang='lat' dir='ltr'>habitatione</span> <span class='ocrx_word' id='word_1_364' title='bbox 456 2421 588 2459; x_wconf 86' lang='lat' dir='ltr'>acquisita</span> <span class='ocrx_word' id='word_1_365' title='bbox 606 2422 696 2460; x_wconf 84' lang='lat' dir='ltr'>impar</span> <span class='ocrx_word' id='word_1_366' title='bbox 706 2420 746 2450; x_wconf 91' lang='lat' dir='ltr'>est</span> <span class='ocrx_word' id='word_1_367' title='bbox 757 2420 791 2450; x_wconf 78' lang='lat' dir='ltr'>ad</span> <span class='ocrx_word' id='word_1_368' title='bbox 803 2421 859 2450; x_wconf 87' lang='lat' dir='ltr'>ob-</span> 
     </span>
     <span class='ocr_line' id='line_1_62' title="bbox 152 2458 857 2502; baseline 0.006 -16"><span class='ocrx_word' id='word_1_369' title='bbox 152 2458 299 2487; x_wconf 87' lang='lat' dir='ltr'>tinendum</span> <span class='ocrx_word' id='word_1_370' title='bbox 313 2459 470 2489; x_wconf 81' lang='lat' dir='ltr'>subsidium</span> <span class='ocrx_word' id='word_1_371' title='bbox 487 2461 582 2490; x_wconf 88' lang='lat' dir='ltr'>dotale</span> <span class='ocrx_word' id='word_1_372' title='bbox 596 2483 605 2497; x_wconf 87' lang='lat'>,</span> <span class='ocrx_word' id='word_1_373' title='bbox 628 2462 706 2502; x_wconf 87' lang='lat' dir='ltr'>quod</span> <span class='ocrx_word' id='word_1_374' title='bbox 723 2460 857 2490; x_wconf 84' lang='lat' dir='ltr'>Testator</span> 
     </span>
     <span class='ocr_line' id='line_1_63' title="bbox 151 2497 863 2541; baseline 0.006 -15"><span class='ocrx_word' id='word_1_375' title='bbox 151 2498 227 2532; x_wconf 70' lang='lat' dir='ltr'>tradi</span> <span class='ocrx_word' id='word_1_376' title='bbox 241 2497 316 2535; x_wconf 81' lang='lat' dir='ltr'>jussit</span> <span class='ocrx_word' id='word_1_377' title='bbox 329 2498 435 2528; x_wconf 79' lang='lat' dir='ltr'>Puellis</span> <span class='ocrx_word' id='word_1_378' title='bbox 444 2500 564 2538; x_wconf 85' lang='lat' dir='ltr'>alicujus</span> <span class='ocrx_word' id='word_1_379' title='bbox 578 2503 863 2541; x_wconf 77' lang='lat' dir='ltr'>Civitatispag.109.</span> 
     </span>
     <span class='ocr_line' id='line_1_64' title="bbox 159 2539 366 2572; baseline -0.014 -4"><span class='ocrx_word' id='word_1_380' title='bbox 159 2543 183 2572; x_wconf 68' lang='lat'>§-</span> <span class='ocrx_word' id='word_1_381' title='bbox 199 2539 345 2568; x_wconf 75' lang='lat' dir='ltr'>Contendit</span> <span class='ocrx_word' id='word_1_382' title='bbox 360 2560 366 2566; x_wconf 94' lang='lat'>.</span> 
     </span>
    </p>

    <p class='ocr_par' dir='ltr' id='par_1_28' title="bbox 112 2578 863 2697">
     <span class='ocr_line' id='line_1_65' title="bbox 112 2578 863 2621; baseline 0.005 -13"><span class='ocrx_word' id='word_1_383' title='bbox 112 2578 250 2608; x_wconf 85' lang='lat' dir='ltr'>Clericus</span> <span class='ocrx_word' id='word_1_384' title='bbox 266 2579 353 2607; x_wconf 86' lang='lat' dir='ltr'>etiam</span> <span class='ocrx_word' id='word_1_385' title='bbox 372 2581 536 2611; x_wconf 83' lang='lat' dir='ltr'>satisfacere</span> <span class='ocrx_word' id='word_1_386' title='bbox 552 2583 643 2621; x_wconf 87' lang='lat' dir='ltr'>potest</span> <span class='ocrx_word' id='word_1_387' title='bbox 659 2583 781 2613; x_wconf 79' lang='lat' dir='ltr'>servitio</span> <span class='ocrx_word' id='word_1_388' title='bbox 793 2582 863 2612; x_wconf 91' lang='lat' dir='ltr'>cho-</span> 
     </span>
     <span class='ocr_line' id='line_1_66' title="bbox 156 2618 822 2660; baseline 0.006 -12"><span class='ocrx_word' id='word_1_389' title='bbox 156 2620 181 2648; x_wconf 90' lang='lat' dir='ltr'>ti</span> <span class='ocrx_word' id='word_1_390' title='bbox 199 2639 208 2655; x_wconf 87' lang='lat'>,</span> <span class='ocrx_word' id='word_1_391' title='bbox 227 2621 254 2647; x_wconf 74' lang='grc' dir='ltr'>ὃ(</span> <span class='ocrx_word' id='word_1_392' title='bbox 273 2618 398 2648; x_wconf 75' lang='lat' dir='ltr'>Ecclefiae</span> <span class='ocrx_word' id='word_1_393' title='bbox 412 2630 476 2660; x_wconf 80' lang='lat' dir='ltr'>pag.</span> <span class='ocrx_word' id='word_1_394' title='bbox 498 2632 562 2651; x_wconf 65' lang='grc' dir='ltr'>ηε..</span> <span class='ocrx_word' id='word_1_395' title='bbox 577 2628 601 2657; x_wconf 74' lang='lat'>§.</span> <span class='ocrx_word' id='word_1_396' title='bbox 615 2627 674 2652; x_wconf 83' lang='lat' dir='ltr'>Nec</span> <span class='ocrx_word' id='word_1_397' title='bbox 690 2623 800 2652; x_wconf 59' lang='lat' dir='ltr'>obstare</span> <span class='ocrx_word' id='word_1_398' title='bbox 814 2645 822 2651; x_wconf 89' lang='lat'>.</span> 
     </span>
     <span class='ocr_line' id='line_1_67' title="bbox 115 2658 857 2697; baseline 0.005 -9"><span class='ocrx_word' id='word_1_399' title='bbox 115 2658 269 2688; x_wconf 84' lang='lat' dir='ltr'>Clericiex</span> <span class='ocrx_word' id='word_1_400' title='bbox 282 2659 463 2697; x_wconf 80' lang='lat' dir='ltr'>dispositione</span> <span class='ocrx_word' id='word_1_401' title='bbox 481 2663 612 2692; x_wconf 88' lang='lat' dir='ltr'>Concilii</span> <span class='ocrx_word' id='word_1_402' title='bbox 629 2673 689 2693; x_wconf 85' lang='lat' dir='ltr'>turn</span> <span class='ocrx_word' id='word_1_403' title='bbox 708 2663 857 2692; x_wconf 81' lang='lat' dir='ltr'>Tridenti-</span> 
     </span>
    </p>

    <p class='ocr_par' dir='ltr' id='par_1_29' title="bbox 153 2700 857 2743">
     <span class='ocr_line' id='line_1_68' title="bbox 153 2700 857 2743; baseline 0.007 -15"><span class='ocrx_word' id='word_1_404' title='bbox 153 2700 183 2728; x_wconf 88' lang='lat' dir='ltr'>ni</span> <span class='ocrx_word' id='word_1_405' title='bbox 200 2720 211 2736; x_wconf 83' lang='lat'>,</span> <span class='ocrx_word' id='word_1_406' title='bbox 235 2708 294 2729; x_wconf 90' lang='lat' dir='ltr'>tum</span> <span class='ocrx_word' id='word_1_407' title='bbox 312 2701 437 2731; x_wconf 77' lang='lat' dir='ltr'>Romani</span> <span class='ocrx_word' id='word_1_408' title='bbox 453 2722 463 2738; x_wconf 89' lang='lat'><em>‚</em></span> <span class='ocrx_word' id='word_1_409' title='bbox 482 2710 612 2735; x_wconf 75' lang='lat' dir='ltr'>tenentur</span> <span class='ocrx_word' id='word_1_410' title='bbox 624 2701 740 2743; x_wconf 82' lang='lat' dir='ltr'>singulis</span> <span class='ocrx_word' id='word_1_411' title='bbox 755 2703 857 2734; x_wconf 81' lang='lat' dir='ltr'>diebus</span> 
     </span>
    </p>
   </div>
   <div class='ocr_carea' id='block_1_7' title="bbox 890 382 1657 2785">
    <p class='ocr_par' dir='ltr' id='par_1_30' title="bbox 927 382 989 402">
     <span class='ocr_line' id='line_1_69' title="bbox 927 382 989 402; baseline 0.016 -1"><span class='ocrx_word' id='word_1_412' title='bbox 927 382 964 401; x_wconf 76' lang='lat' dir='ltr'>tto</span> <span class='ocrx_word' id='word_1_413' title='bbox 982 395 989 402; x_wconf 83' lang='lat'>.</span> 
     </span>
    </p>

    <p class='ocr_par' dir='ltr' id='par_1_31' title="bbox 890 411 1631 535">
     <span class='ocr_line' id='line_1_70' title="bbox 890 411 1631 451; baseline -0.004 -7"><span class='ocrx_word' id='word_1_414' title='bbox 890 412 1118 444; x_wconf 84' lang='lat' dir='ltr'>Cohabitarioni</span> <span class='ocrx_word' id='word_1_415' title='bbox 1130 412 1265 443; x_wconf 86' lang='lat' dir='ltr'>triennali</span> <span class='ocrx_word' id='word_1_416' title='bbox 1281 411 1360 442; x_wconf 88' lang='lat' dir='ltr'>locus</span> <span class='ocrx_word' id='word_1_417' title='bbox 1372 423 1429 442; x_wconf 89' lang='lat' dir='ltr'>non</span> <span class='ocrx_word' id='word_1_418' title='bbox 1443 411 1481 441; x_wconf 83' lang='lat' dir='ltr'>est</span> <span class='ocrx_word' id='word_1_419' title='bbox 1492 433 1502 447; x_wconf 91' lang='lat'>‚</span> <span class='ocrx_word' id='word_1_420' title='bbox 1519 413 1631 451; x_wconf 88' lang='lat' dir='ltr'>quando</span> 
     </span>
     <span class='ocr_line' id='line_1_71' title="bbox 931 453 1630 492; baseline -0.003 -8"><span class='ocrx_word' id='word_1_421' title='bbox 931 453 1040 484; x_wconf 84' lang='lat' dir='ltr'>constat</span> <span class='ocrx_word' id='word_1_422' title='bbox 1055 453 1090 482; x_wconf 87' lang='lat' dir='ltr'>de</span> <span class='ocrx_word' id='word_1_423' title='bbox 1106 453 1259 484; x_wconf 77' lang='lat' dir='ltr'>verosimili</span> <span class='ocrx_word' id='word_1_424' title='bbox 1274 463 1408 492; x_wconf 79' lang='lat' dir='ltr'>perpetua</span> <span class='ocrx_word' id='word_1_425' title='bbox 1426 453 1630 491; x_wconf 54' lang='lat' dir='ltr'>impotentia-,2</span> 
     </span>
     <span class='ocr_line' id='line_1_72' title="bbox 932 495 1411 535; baseline 0.002 -13"><span class='ocrx_word' id='word_1_426' title='bbox 932 505 997 535; x_wconf 83' lang='lat' dir='ltr'>pag.</span> <span class='ocrx_word' id='word_1_427' title='bbox 1017 504 1082 530; x_wconf 85' lang='lat'>199.</span> <span class='ocrx_word' id='word_1_428' title='bbox 1096 497 1120 527; x_wconf 57' lang='grc' dir='ltr'>ᾗ.</span> <span class='ocrx_word' id='word_1_429' title='bbox 1138 495 1209 523; x_wconf 83' lang='lat' dir='ltr'>Hinc</span> <span class='ocrx_word' id='word_1_430' title='bbox 1221 503 1386 522; x_wconf 79' lang='lat' dir='ltr'>extraneam</span> <span class='ocrx_word' id='word_1_431' title='bbox 1404 514 1411 523; x_wconf 85' lang='lat'>.</span> 
     </span>
    </p>

    <p class='ocr_par' dir='ltr' id='par_1_32' title="bbox 895 534 1472 573">
     <span class='ocr_line' id='line_1_73' title="bbox 895 534 1472 573; baseline -0.003 -8"><span class='ocrx_word' id='word_1_432' title='bbox 895 534 1026 565; x_wconf 83' lang='lat' dir='ltr'>Collatio</span> <span class='ocrx_word' id='word_1_433' title='bbox 1042 534 1179 564; x_wconf 82' lang='lat' dir='ltr'>Beneficii</span> <span class='ocrx_word' id='word_1_434' title='bbox 1189 534 1270 564; x_wconf 89' lang='lat' dir='ltr'>.Vid.</span> <span class='ocrx_word' id='word_1_435' title='bbox 1285 535 1450 573; x_wconf 75' lang='lat' dir='ltr'>Beneficium</span> <span class='ocrx_word' id='word_1_436' title='bbox 1464 554 1472 563; x_wconf 74' lang='lat'>.</span> 
     </span>
    </p>

    <p class='ocr_par' dir='ltr' id='par_1_33' title="bbox 897 575 1374 616">
     <span class='ocr_line' id='line_1_74' title="bbox 897 575 1374 616; baseline -0.006 -11"><span class='ocrx_word' id='word_1_437' title='bbox 897 575 1034 616; x_wconf 80' lang='lat' dir='ltr'>Collegia</span> <span class='ocrx_word' id='word_1_438' title='bbox 1051 596 1058 603; x_wconf 96' lang='lat'>.</span> <span class='ocrx_word' id='word_1_439' title='bbox 1070 575 1135 604; x_wconf 80' lang='lat' dir='ltr'>Vid.</span> <span class='ocrx_word' id='word_1_440' title='bbox 1145 576 1349 612; x_wconf 67' lang='lat' dir='ltr'>‘Dm‘vmsttates</span> <span class='ocrx_word' id='word_1_441' title='bbox 1366 596 1374 602; x_wconf 88' lang='lat'>.</span> 
     </span>
    </p>

    <p class='ocr_par' dir='ltr' id='par_1_34' title="bbox 895 614 1634 696">
     <span class='ocr_line' id='line_1_75' title="bbox 895 614 1634 654; baseline -0.005 -8"><span class='ocrx_word' id='word_1_442' title='bbox 895 617 1063 646; x_wconf 87' lang='lat' dir='ltr'>Concentus</span> <span class='ocrx_word' id='word_1_443' title='bbox 1079 615 1197 645; x_wconf 82' lang='lat' dir='ltr'>muficos</span> <span class='ocrx_word' id='word_1_444' title='bbox 1206 615 1294 654; x_wconf 83' lang='lat' dir='ltr'>aliqui</span> <span class='ocrx_word' id='word_1_445' title='bbox 1303 625 1336 644; x_wconf 89' lang='lat' dir='ltr'>ex</span> <span class='ocrx_word' id='word_1_446' title='bbox 1345 615 1478 644; x_wconf 84' lang='lat' dir='ltr'>Patribus</span> <span class='ocrx_word' id='word_1_447' title='bbox 1490 614 1634 652; x_wconf 79' lang='lat' dir='ltr'>improba—</span> 
     </span>
     <span class='ocr_line' id='line_1_76' title="bbox 933 655 1513 696; baseline -0.005 -11"><span class='ocrx_word' id='word_1_448' title='bbox 933 666 1068 696; x_wconf 80' lang='lat' dir='ltr'>runtpag.</span> <span class='ocrx_word' id='word_1_449' title='bbox 1084 666 1151 691; x_wconf 84' lang='lat'>177.</span> <span class='ocrx_word' id='word_1_450' title='bbox 1170 661 1195 690; x_wconf 52' lang='grc' dir='ltr'>ᾧ.</span> <span class='ocrx_word' id='word_1_451' title='bbox 1207 657 1251 684; x_wconf 80' lang='lat' dir='ltr'>De</span> <span class='ocrx_word' id='word_1_452' title='bbox 1260 655 1378 692; x_wconf 51' lang='lat' dir='ltr'>Musti-is</span> <span class='ocrx_word' id='word_1_453' title='bbox 1390 676 1400 690; x_wconf 88' lang='lat'>‚</span> <span class='ocrx_word' id='word_1_454' title='bbox 1414 655 1513 694; x_wconf 58' lang='lat' dir='ltr'>&amp;qu-</span> 
     </span>
    </p>

    <p class='ocr_par' dir='ltr' id='par_1_35' title="bbox 931 695 1635 776">
     <span class='ocr_line' id='line_1_77' title="bbox 972 695 1635 737; baseline -0.003 -12"><span class='ocrx_word' id='word_1_455' title='bbox 972 696 1033 725; x_wconf 89' lang='lat' dir='ltr'>Alii</span> <span class='ocrx_word' id='word_1_456' title='bbox 1052 707 1120 726; x_wconf 88' lang='lat' dir='ltr'>vero</span> <span class='ocrx_word' id='word_1_457' title='bbox 1133 695 1281 726; x_wconf 88' lang='lat' dir='ltr'>laudarunt</span> <span class='ocrx_word' id='word_1_458' title='bbox 1296 715 1307 731; x_wconf 89' lang='lat'>‚</span> <span class='ocrx_word' id='word_1_459' title='bbox 1331 698 1358 724; x_wconf 75' lang='grc'>8(</span> <span class='ocrx_word' id='word_1_460' title='bbox 1376 695 1566 734; x_wconf 80' lang='lat' dir='ltr'>approbarunt</span> <span class='ocrx_word' id='word_1_461' title='bbox 1580 704 1635 737; x_wconf 79' lang='lat' dir='ltr'>pa-</span> 
     </span>
     <span class='ocr_line' id='line_1_78' title="bbox 931 737 1276 776; baseline 0.003 -12"><span class='ocrx_word' id='word_1_462' title='bbox 931 738 993 776; x_wconf 80' lang='lat' dir='ltr'>gin.</span> <span class='ocrx_word' id='word_1_463' title='bbox 1007 746 1016 764; x_wconf 87' lang='lat'>1</span> <span class='ocrx_word' id='word_1_464' title='bbox 1025 740 1071 769; x_wconf 85' lang='lat'>78.</span> <span class='ocrx_word' id='word_1_465' title='bbox 1086 742 1110 771; x_wconf 57' lang='grc' dir='ltr'>ᾗ.</span> <span class='ocrx_word' id='word_1_466' title='bbox 1121 737 1178 765; x_wconf 78' lang='lat' dir='ltr'>Alii</span> <span class='ocrx_word' id='word_1_467' title='bbox 1191 748 1256 765; x_wconf 72' lang='lat' dir='ltr'>vero</span> <span class='ocrx_word' id='word_1_468' title='bbox 1267 757 1276 765; x_wconf 88' lang='lat'>.</span> 
     </span>
    </p>

    <p class='ocr_par' dir='ltr' id='par_1_36' title="bbox 896 774 1634 935">
     <span class='ocr_line' id='line_1_79' title="bbox 896 774 1634 807; baseline -0.004 -1"><span class='ocrx_word' id='word_1_469' title='bbox 896 775 1066 806; x_wconf 86' lang='lat' dir='ltr'>Concilium</span> <span class='ocrx_word' id='word_1_470' title='bbox 1077 781 1240 807; x_wconf 86' lang='lat' dir='ltr'>Romanum</span> <span class='ocrx_word' id='word_1_471' title='bbox 1253 775 1427 806; x_wconf 86' lang='lat' dir='ltr'>celebratum</span> <span class='ocrx_word' id='word_1_472' title='bbox 1445 776 1498 804; x_wconf 89' lang='lat' dir='ltr'>sub</span> <span class='ocrx_word' id='word_1_473' title='bbox 1514 774 1634 804; x_wconf 84' lang='lat' dir='ltr'>Benedi-</span> 
     </span>
     <span class='ocr_line' id='line_1_80' title="bbox 926 815 1634 852; baseline -0.006 -6"><span class='ocrx_word' id='word_1_474' title='bbox 926 817 973 846; x_wconf 71' lang='grc' dir='ltr'>ἂο</span> <span class='ocrx_word' id='word_1_475' title='bbox 989 817 1073 845; x_wconf 88' lang='grc' dir='ltr'><strong>ΧΙΙΙ.</strong></span> <span class='ocrx_word' id='word_1_476' title='bbox 1090 817 1151 845; x_wconf 81' lang='lat' dir='ltr'>fuit</span> <span class='ocrx_word' id='word_1_477' title='bbox 1163 827 1240 845; x_wconf 84' lang='lat' dir='ltr'>mere</span> <span class='ocrx_word' id='word_1_478' title='bbox 1257 815 1440 845; x_wconf 84' lang='lat' dir='ltr'>Provinciale</span> <span class='ocrx_word' id='word_1_479' title='bbox 1453 837 1464 852; x_wconf 81' lang='lat'>‚</span> <span class='ocrx_word' id='word_1_480' title='bbox 1477 826 1528 844; x_wconf 90' lang='lat' dir='ltr'>nec</span> <span class='ocrx_word' id='word_1_481' title='bbox 1538 824 1634 844; x_wconf 79' lang='lat' dir='ltr'>exten-</span> 
     </span>
     <span class='ocr_line' id='line_1_81' title="bbox 924 855 1634 886; baseline -0.001 -2"><span class='ocrx_word' id='word_1_482' title='bbox 924 857 1005 885; x_wconf 88' lang='lat' dir='ltr'>ditur</span> <span class='ocrx_word' id='word_1_483' title='bbox 1023 856 1057 884; x_wconf 83' lang='lat' dir='ltr'>ad</span> <span class='ocrx_word' id='word_1_484' title='bbox 1073 857 1227 885; x_wconf 75' lang='lat' dir='ltr'>Dioeceses</span> <span class='ocrx_word' id='word_1_485' title='bbox 1239 865 1316 885; x_wconf 84' lang='lat' dir='ltr'>extra</span> <span class='ocrx_word' id='word_1_486' title='bbox 1334 859 1496 886; x_wconf 87' lang='lat' dir='ltr'>Romanam</span> <span class='ocrx_word' id='word_1_487' title='bbox 1509 855 1634 884; x_wconf 86' lang='lat' dir='ltr'>Provin-</span> 
     </span>
     <span class='ocr_line' id='line_1_82' title="bbox 932 896 1495 935; baseline -0.005 -10"><span class='ocrx_word' id='word_1_488' title='bbox 932 897 1006 925; x_wconf 87' lang='lat' dir='ltr'>ciam</span> <span class='ocrx_word' id='word_1_489' title='bbox 1019 905 1086 935; x_wconf 78' lang='lat' dir='ltr'>png.</span> <span class='ocrx_word' id='word_1_490' title='bbox 1100 905 1148 934; x_wconf 82' lang='lat'>43.</span> <span class='ocrx_word' id='word_1_491' title='bbox 1159 901 1182 930; x_wconf 66' lang='grc'>9.</span> <span class='ocrx_word' id='word_1_492' title='bbox 1200 897 1270 924; x_wconf 85' lang='lat' dir='ltr'>Hinc</span> <span class='ocrx_word' id='word_1_493' title='bbox 1282 896 1476 934; x_wconf 74' lang='lat' dir='ltr'>Archiepzfiopo</span> <span class='ocrx_word' id='word_1_494' title='bbox 1488 916 1495 923; x_wconf 95' lang='lat'>.</span> 
     </span>
    </p>

    <p class='ocr_par' dir='ltr' id='par_1_37' title="bbox 894 934 1636 1045">
     <span class='ocr_line' id='line_1_83' title="bbox 894 934 1634 975; baseline -0.004 -9"><span class='ocrx_word' id='word_1_495' title='bbox 894 936 1062 966; x_wconf 82' lang='lat' dir='ltr'>Concordia</span> <span class='ocrx_word' id='word_1_496' title='bbox 1076 936 1245 975; x_wconf 87' lang='lat' dir='ltr'>Apostolico</span> <span class='ocrx_word' id='word_1_497' title='bbox 1261 935 1446 975; x_wconf 86' lang='lat' dir='ltr'>Beneplacito</span> <span class='ocrx_word' id='word_1_498' title='bbox 1457 934 1588 964; x_wconf 83' lang='lat' dir='ltr'>destituta</span> <span class='ocrx_word' id='word_1_499' title='bbox 1604 934 1634 964; x_wconf 85' lang='lat' dir='ltr'>in</span> 
     </span>
     <span class='ocr_line' id='line_1_84' title="bbox 936 975 1636 1016; baseline -0.003 -11"><span class='ocrx_word' id='word_1_500' title='bbox 936 975 1117 1015; x_wconf 86' lang='lat' dir='ltr'>nullopretio</span> <span class='ocrx_word' id='word_1_501' title='bbox 1137 975 1177 1006; x_wconf 85' lang='lat' dir='ltr'>est</span> <span class='ocrx_word' id='word_1_502' title='bbox 1192 976 1325 1006; x_wconf 84' lang='lat' dir='ltr'>habenda</span> <span class='ocrx_word' id='word_1_503' title='bbox 1344 986 1410 1016; x_wconf 86' lang='lat' dir='ltr'>pag.</span> <span class='ocrx_word' id='word_1_504' title='bbox 1430 985 1495 1012; x_wconf 84' lang='lat'>153.</span> <span class='ocrx_word' id='word_1_505' title='bbox 1512 979 1537 1009; x_wconf 58' lang='grc' dir='ltr'>ᾤ.</span> <span class='ocrx_word' id='word_1_506' title='bbox 1556 978 1636 1016; x_wconf 74' lang='lat' dir='ltr'>Sper-</span> 
     </span>
     <span class='ocr_line' id='line_1_85' title="bbox 932 1019 1075 1045; baseline 0.007 -1"><span class='ocrx_word' id='word_1_507' title='bbox 932 1019 1051 1045; x_wconf 73' lang='lat' dir='ltr'>nendnm</span> <span class='ocrx_word' id='word_1_508' title='bbox 1067 1039 1075 1045; x_wconf 89' lang='lat'>.</span> 
     </span>
    </p>

    <p class='ocr_par' dir='ltr' id='par_1_38' title="bbox 892 1055 1636 1138">
     <span class='ocr_line' id='line_1_86' title="bbox 892 1055 1636 1096; baseline -0.003 -11"><span class='ocrx_word' id='word_1_509' title='bbox 892 1057 1073 1086; x_wconf 88' lang='lat' dir='ltr'>Conditione</span> <span class='ocrx_word' id='word_1_510' title='bbox 1094 1068 1152 1086; x_wconf 89' lang='lat' dir='ltr'>non</span> <span class='ocrx_word' id='word_1_511' title='bbox 1165 1056 1319 1096; x_wconf 82' lang='lat' dir='ltr'>adimpleta</span> <span class='ocrx_word' id='word_1_512' title='bbox 1335 1056 1482 1096; x_wconf 72' lang='lat' dir='ltr'>dispositio</span> <span class='ocrx_word' id='word_1_513' title='bbox 1500 1055 1636 1085; x_wconf 81' lang='lat' dir='ltr'>Testato-</span> 
     </span>
     <span class='ocr_line' id='line_1_87' title="bbox 929 1098 1564 1138; baseline -0.003 -12"><span class='ocrx_word' id='word_1_514' title='bbox 929 1098 967 1126; x_wconf 86' lang='lat' dir='ltr'>ris</span> <span class='ocrx_word' id='word_1_515' title='bbox 976 1099 1124 1126; x_wconf 83' lang='lat' dir='ltr'>evanescit</span> <span class='ocrx_word' id='word_1_516' title='bbox 1135 1108 1202 1138; x_wconf 81' lang='lat' dir='ltr'>pag.</span> <span class='ocrx_word' id='word_1_517' title='bbox 1215 1107 1263 1135; x_wconf 82' lang='lat'>39.</span> <span class='ocrx_word' id='word_1_518' title='bbox 1275 1101 1300 1130; x_wconf 62' lang='grc' dir='ltr'>ὁ.</span> <span class='ocrx_word' id='word_1_519' title='bbox 1314 1099 1418 1126; x_wconf 79' lang='lat' dir='ltr'>Adiicit</span> <span class='ocrx_word' id='word_1_520' title='bbox 1431 1099 1542 1126; x_wconf 81' lang='lat' dir='ltr'>demum</span> <span class='ocrx_word' id='word_1_521' title='bbox 1557 1117 1564 1124; x_wconf 90' lang='lat'>.</span> 
     </span>
    </p>

    <p class='ocr_par' dir='ltr' id='par_1_39' title="bbox 891 1135 1635 1288">
     <span class='ocr_line' id='line_1_88' title="bbox 891 1135 1634 1177; baseline 0.001 -11"><span class='ocrx_word' id='word_1_522' title='bbox 891 1138 1060 1177; x_wconf 80' lang='lat' dir='ltr'>Conjugum</span> <span class='ocrx_word' id='word_1_523' title='bbox 1079 1148 1151 1167; x_wconf 84' lang='lat' dir='ltr'>unus</span> <span class='ocrx_word' id='word_1_524' title='bbox 1162 1158 1173 1174; x_wconf 89' lang='lat'>,</span> <span class='ocrx_word' id='word_1_525' title='bbox 1198 1148 1228 1168; x_wconf 93' lang='lat' dir='ltr'>ut</span> <span class='ocrx_word' id='word_1_526' title='bbox 1240 1137 1368 1176; x_wconf 82' lang='lat' dir='ltr'>profiteri</span> <span class='ocrx_word' id='word_1_527' title='bbox 1396 1137 1489 1167; x_wconf 89' lang='lat' dir='ltr'>valeat</span> <span class='ocrx_word' id='word_1_528' title='bbox 1501 1135 1634 1175; x_wconf 75' lang='lat' dir='ltr'>Religio-</span> 
     </span>
     <span class='ocr_line' id='line_1_89' title="bbox 931 1176 1635 1217; baseline -0.004 -11"><span class='ocrx_word' id='word_1_529' title='bbox 931 1188 1011 1213; x_wconf 85' lang='lat' dir='ltr'>nem,</span> <span class='ocrx_word' id='word_1_530' title='bbox 1029 1188 1163 1207; x_wconf 81' lang='lat' dir='ltr'>manente</span> <span class='ocrx_word' id='word_1_531' title='bbox 1179 1178 1268 1207; x_wconf 89' lang='lat' dir='ltr'>altero</span> <span class='ocrx_word' id='word_1_532' title='bbox 1285 1179 1315 1206; x_wconf 87' lang='lat' dir='ltr'>in</span> <span class='ocrx_word' id='word_1_533' title='bbox 1327 1178 1450 1214; x_wconf 75' lang='lat' dir='ltr'>saeculo,</span> <span class='ocrx_word' id='word_1_534' title='bbox 1468 1188 1529 1217; x_wconf 74' lang='lat' dir='ltr'>quae</span> <span class='ocrx_word' id='word_1_535' title='bbox 1539 1176 1635 1215; x_wconf 83' lang='lat' dir='ltr'>requi-</span> 
     </span>
     <span class='ocr_line' id='line_1_90' title="bbox 932 1216 1634 1258; baseline -0.004 -11"><span class='ocrx_word' id='word_1_536' title='bbox 932 1228 1029 1248; x_wconf 83' lang='lat' dir='ltr'>rantur</span> <span class='ocrx_word' id='word_1_537' title='bbox 1045 1229 1079 1248; x_wconf 86' lang='lat' dir='ltr'>ex</span> <span class='ocrx_word' id='word_1_538' title='bbox 1095 1219 1185 1248; x_wconf 83' lang='lat' dir='ltr'>Sacris</span> <span class='ocrx_word' id='word_1_539' title='bbox 1204 1218 1376 1248; x_wconf 78' lang='lat' dir='ltr'>Canonibus</span> <span class='ocrx_word' id='word_1_540' title='bbox 1388 1228 1454 1258; x_wconf 78' lang='lat' dir='ltr'>pag.</span> <span class='ocrx_word' id='word_1_541' title='bbox 1467 1221 1530 1246; x_wconf 73' lang='lat'>182..</span> <span class='ocrx_word' id='word_1_542' title='bbox 1550 1221 1575 1251; x_wconf 56' lang='grc' dir='ltr'>ᾗ.</span> <span class='ocrx_word' id='word_1_543' title='bbox 1588 1216 1634 1244; x_wconf 78' lang='grc' dir='ltr'>Αἰ-</span> 
     </span>
     <span class='ocr_line' id='line_1_91' title="bbox 932 1267 1014 1288; baseline 0.024 -2"><span class='ocrx_word' id='word_1_544' title='bbox 932 1267 990 1287; x_wconf 65' lang='lat' dir='ltr'><em>tero</em></span> <span class='ocrx_word' id='word_1_545' title='bbox 1006 1281 1014 1288; x_wconf 77' lang='grc' dir='ltr'>ι</span> 
     </span>
    </p>

    <p class='ocr_par' dir='ltr' id='par_1_40' title="bbox 895 1296 1637 1419">
     <span class='ocr_line' id='line_1_92' title="bbox 895 1296 1636 1339; baseline -0.004 -12"><span class='ocrx_word' id='word_1_546' title='bbox 895 1298 1039 1339; x_wconf 72' lang='lat' dir='ltr'>Coniugis</span> <span class='ocrx_word' id='word_1_547' title='bbox 1062 1299 1145 1329; x_wconf 85' lang='lat' dir='ltr'>unius</span> <span class='ocrx_word' id='word_1_548' title='bbox 1168 1302 1229 1337; x_wconf 87' lang='lat' dir='ltr'>jura</span> <span class='ocrx_word' id='word_1_549' title='bbox 1245 1308 1310 1329; x_wconf 85' lang='lat' dir='ltr'>ante</span> <span class='ocrx_word' id='word_1_550' title='bbox 1326 1298 1533 1328; x_wconf 82' lang='lat' dir='ltr'>Profeffionem</span> <span class='ocrx_word' id='word_1_551' title='bbox 1560 1296 1636 1325; x_wconf 86' lang='lat' dir='ltr'>inte·</span> 
     </span>
     <span class='ocr_line' id='line_1_93' title="bbox 933 1336 1637 1379; baseline -0.006 -11"><span class='ocrx_word' id='word_1_552' title='bbox 933 1350 985 1379; x_wconf 81' lang='lat' dir='ltr'>gra</span> <span class='ocrx_word' id='word_1_553' title='bbox 997 1350 1113 1369; x_wconf 84' lang='lat' dir='ltr'>manent</span> <span class='ocrx_word' id='word_1_554' title='bbox 1123 1361 1133 1376; x_wconf 93' lang='lat'>,</span> <span class='ocrx_word' id='word_1_555' title='bbox 1155 1339 1263 1370; x_wconf 82' lang='lat' dir='ltr'>etiamsi</span> <span class='ocrx_word' id='word_1_556' title='bbox 1276 1339 1346 1369; x_wconf 88' lang='lat' dir='ltr'>alter</span> <span class='ocrx_word' id='word_1_557' title='bbox 1355 1339 1536 1378; x_wconf 76' lang='lat' dir='ltr'>Religiosum</span> <span class='ocrx_word' id='word_1_558' title='bbox 1553 1336 1637 1365; x_wconf 84' lang='lat' dir='ltr'>habi-</span> 
     </span>
     <span class='ocr_line' id='line_1_94' title="bbox 935 1381 1474 1419; baseline -0.002 -12"><span class='ocrx_word' id='word_1_559' title='bbox 935 1389 995 1408; x_wconf 88' lang='lat' dir='ltr'>tum</span> <span class='ocrx_word' id='word_1_560' title='bbox 1011 1381 1208 1419; x_wconf 73' lang='lat' dir='ltr'>indueritpag.</span> <span class='ocrx_word' id='word_1_561' title='bbox 1222 1383 1287 1414; x_wconf 73' lang='lat'>183.</span> <span class='ocrx_word' id='word_1_562' title='bbox 1300 1382 1450 1412; x_wconf 69' lang='lat' dir='ltr'>§.Demean</span> <span class='ocrx_word' id='word_1_563' title='bbox 1467 1400 1474 1406; x_wconf 95' lang='lat'>.</span> 
     </span>
    </p>

    <p class='ocr_par' dir='ltr' id='par_1_41' title="bbox 897 1417 1636 1497">
     <span class='ocr_line' id='line_1_95' title="bbox 897 1417 1636 1457; baseline -0.003 -10"><span class='ocrx_word' id='word_1_564' title='bbox 897 1419 1134 1448; x_wconf 65' lang='lat' dir='ltr'>consiliariorum</span> <span class='ocrx_word' id='word_1_565' title='bbox 1152 1420 1233 1457; x_wconf 82' lang='lat' dir='ltr'>culpa</span> <span class='ocrx_word' id='word_1_566' title='bbox 1240 1420 1346 1448; x_wconf 85' lang='lat' dir='ltr'>damno</span> <span class='ocrx_word' id='word_1_567' title='bbox 1357 1418 1586 1448; x_wconf 75' lang='lat' dir='ltr'>Communitatis</span> <span class='ocrx_word' id='word_1_568' title='bbox 1596 1417 1636 1445; x_wconf 77' lang='lat' dir='ltr'>es-</span> 
     </span>
     <span class='ocr_line' id='line_1_96' title="bbox 938 1459 1462 1497; baseline 0.002 -12"><span class='ocrx_word' id='word_1_569' title='bbox 938 1460 967 1486; x_wconf 88' lang='lat' dir='ltr'>se</span> <span class='ocrx_word' id='word_1_570' title='bbox 985 1469 1042 1487; x_wconf 88' lang='lat' dir='ltr'>non</span> <span class='ocrx_word' id='word_1_571' title='bbox 1059 1459 1148 1496; x_wconf 84' lang='lat' dir='ltr'>potest</span> <span class='ocrx_word' id='word_1_572' title='bbox 1159 1470 1223 1497; x_wconf 79' lang='lat' dir='ltr'>pag.</span> <span class='ocrx_word' id='word_1_573' title='bbox 1237 1462 1285 1495; x_wconf 85' lang='lat'>84,</span> <span class='ocrx_word' id='word_1_574' title='bbox 1301 1464 1324 1492; x_wconf 50' lang='grc' dir='ltr'>ὖ.</span> <span class='ocrx_word' id='word_1_575' title='bbox 1335 1461 1442 1486; x_wconf 72' lang='lat' dir='ltr'>Eadem</span> <span class='ocrx_word' id='word_1_576' title='bbox 1456 1480 1462 1486; x_wconf 92' lang='lat'>.</span> 
     </span>
    </p>

    <p class='ocr_par' dir='ltr' id='par_1_42' title="bbox 898 1497 1639 1618">
     <span class='ocr_line' id='line_1_97' title="bbox 898 1497 1638 1537; baseline -0.003 -11"><span class='ocrx_word' id='word_1_577' title='bbox 898 1498 1129 1527; x_wconf 83' lang='lat' dir='ltr'>Constitutiones</span> <span class='ocrx_word' id='word_1_578' title='bbox 1144 1498 1297 1536; x_wconf 75' lang='lat' dir='ltr'>Synodales</span> <span class='ocrx_word' id='word_1_579' title='bbox 1314 1499 1395 1527; x_wconf 82' lang='lat' dir='ltr'>edere</span> <span class='ocrx_word' id='word_1_580' title='bbox 1413 1497 1501 1537; x_wconf 84' lang='lat' dir='ltr'>potest</span> <span class='ocrx_word' id='word_1_581' title='bbox 1523 1498 1638 1535; x_wconf 80' lang='lat' dir='ltr'>Episco-</span> 
     </span>
     <span class='ocr_line' id='line_1_98' title="bbox 936 1536 1639 1578; baseline -0.001 -11"><span class='ocrx_word' id='word_1_582' title='bbox 936 1549 987 1576; x_wconf 90' lang='lat' dir='ltr'>pus</span> <span class='ocrx_word' id='word_1_583' title='bbox 1005 1538 1108 1578; x_wconf 71' lang='lat' dir='ltr'>absque</span> <span class='ocrx_word' id='word_1_584' title='bbox 1118 1540 1258 1567; x_wconf 82' lang='lat' dir='ltr'>consensu</span> <span class='ocrx_word' id='word_1_585' title='bbox 1276 1559 1287 1575; x_wconf 89' lang='lat'>‚</span> <span class='ocrx_word' id='word_1_586' title='bbox 1305 1541 1331 1567; x_wconf 73' lang='grc' dir='ltr'>ὃ(</span> <span class='ocrx_word' id='word_1_587' title='bbox 1350 1539 1554 1578; x_wconf 86' lang='lat' dir='ltr'>approbatione</span> <span class='ocrx_word' id='word_1_588' title='bbox 1573 1536 1639 1566; x_wconf 82' lang='lat' dir='ltr'>Cle-</span> 
     </span>
     <span class='ocr_line' id='line_1_99' title="bbox 937 1578 1274 1618; baseline 0.006 -12"><span class='ocrx_word' id='word_1_589' title='bbox 937 1580 961 1607; x_wconf 88' lang='lat' dir='ltr'>ri</span> <span class='ocrx_word' id='word_1_590' title='bbox 973 1589 1038 1618; x_wconf 81' lang='lat' dir='ltr'>pag.</span> <span class='ocrx_word' id='word_1_591' title='bbox 1056 1588 1121 1616; x_wconf 83' lang='lat'>134.</span> <span class='ocrx_word' id='word_1_592' title='bbox 1141 1584 1165 1613; x_wconf 74' lang='lat'>§.</span> <span class='ocrx_word' id='word_1_593' title='bbox 1181 1578 1250 1617; x_wconf 75' lang='lat' dir='ltr'>Poffi</span> <span class='ocrx_word' id='word_1_594' title='bbox 1266 1600 1274 1608; x_wconf 84' lang='lat'>.</span> 
     </span>
    </p>

    <p class='ocr_par' dir='ltr' id='par_1_43' title="bbox 934 1618 1657 1890">
     <span class='ocr_line' id='line_1_100' title="bbox 976 1618 1657 1658; baseline 0 -12"><span class='ocrx_word' id='word_1_595' title='bbox 976 1619 1143 1656; x_wconf 88' lang='lat' dir='ltr'>Optandum</span> <span class='ocrx_word' id='word_1_596' title='bbox 1161 1628 1256 1646; x_wconf 84' lang='lat' dir='ltr'>tamen</span> <span class='ocrx_word' id='word_1_597' title='bbox 1274 1618 1314 1647; x_wconf 90' lang='lat' dir='ltr'>est</span> <span class='ocrx_word' id='word_1_598' title='bbox 1325 1639 1335 1655; x_wconf 87' lang='lat'>,</span> <span class='ocrx_word' id='word_1_599' title='bbox 1351 1629 1381 1648; x_wconf 88' lang='lat' dir='ltr'>ut</span> <span class='ocrx_word' id='word_1_600' title='bbox 1392 1640 1402 1655; x_wconf 91' lang='lat'>‚</span> <span class='ocrx_word' id='word_1_601' title='bbox 1417 1629 1567 1658; x_wconf 78' lang='lat' dir='ltr'>antequam</span> <span class='ocrx_word' id='word_1_602' title='bbox 1587 1619 1638 1646; x_wconf 80' lang='lat' dir='ltr'>usu</span> <span class='ocrx_word' id='word_1_603' title='bbox 1654 1638 1657 1640; x_wconf 91' lang='lat'><em>-</em></span> 
     </span>
     <span class='ocr_line' id='line_1_101' title="bbox 934 1656 1635 1698; baseline -0.001 -10"><span class='ocrx_word' id='word_1_604' title='bbox 934 1660 1107 1696; x_wconf 84' lang='lat' dir='ltr'>recipiantur</span> <span class='ocrx_word' id='word_1_605' title='bbox 1118 1679 1128 1694; x_wconf 92' lang='lat'>,</span> <span class='ocrx_word' id='word_1_606' title='bbox 1149 1656 1290 1697; x_wconf 83' lang='lat' dir='ltr'>Capitulo</span> <span class='ocrx_word' id='word_1_607' title='bbox 1306 1679 1317 1693; x_wconf 92' lang='lat'>‚</span> <span class='ocrx_word' id='word_1_608' title='bbox 1345 1659 1463 1698; x_wconf 76' lang='lat' dir='ltr'>aliisque</span> <span class='ocrx_word' id='word_1_609' title='bbox 1477 1657 1635 1688; x_wconf 64' lang='lat' dir='ltr'>interesse.)</span> 
     </span>
     <span class='ocr_line' id='line_1_102' title="bbox 936 1697 1640 1738; baseline -0.003 -10"><span class='ocrx_word' id='word_1_610' title='bbox 936 1698 1110 1728; x_wconf 82' lang='lat' dir='ltr'>habentibus</span> <span class='ocrx_word' id='word_1_611' title='bbox 1140 1697 1323 1727; x_wconf 88' lang='lat' dir='ltr'>ostendantur</span> <span class='ocrx_word' id='word_1_612' title='bbox 1343 1719 1354 1734; x_wconf 86' lang='lat'>‚</span> <span class='ocrx_word' id='word_1_613' title='bbox 1381 1701 1478 1738; x_wconf 84' lang='lat' dir='ltr'>eisque</span> <span class='ocrx_word' id='word_1_614' title='bbox 1506 1697 1640 1737; x_wconf 74' lang='lat' dir='ltr'>praeficia-</span> 
     </span>
     <span class='ocr_line' id='line_1_103' title="bbox 939 1737 1639 1768; baseline -0.003 0"><span class='ocrx_word' id='word_1_615' title='bbox 939 1749 984 1768; x_wconf 84' lang='lat' dir='ltr'>tur</span> <span class='ocrx_word' id='word_1_616' title='bbox 1019 1739 1157 1767; x_wconf 85' lang='lat' dir='ltr'>terminus</span> <span class='ocrx_word' id='word_1_617' title='bbox 1190 1739 1311 1767; x_wconf 88' lang='lat' dir='ltr'>duorum</span> <span class='ocrx_word' id='word_1_618' title='bbox 1339 1739 1473 1768; x_wconf 80' lang='lat' dir='ltr'>mensium</span> <span class='ocrx_word' id='word_1_619' title='bbox 1506 1738 1540 1766; x_wconf 87' lang='lat' dir='ltr'>ad</span> <span class='ocrx_word' id='word_1_620' title='bbox 1571 1737 1639 1767; x_wconf 84' lang='lat' dir='ltr'>effe-</span> 
     </span>
     <span class='ocr_line' id='line_1_104' title="bbox 940 1779 1636 1818; baseline -0.003 -9"><span class='ocrx_word' id='word_1_621' title='bbox 940 1780 1016 1809; x_wconf 67' lang='lat' dir='ltr'>&amp;um</span> <span class='ocrx_word' id='word_1_622' title='bbox 1052 1780 1213 1807; x_wconf 87' lang='lat' dir='ltr'>recurrendi</span> <span class='ocrx_word' id='word_1_623' title='bbox 1244 1779 1278 1807; x_wconf 89' lang='lat' dir='ltr'>ad</span> <span class='ocrx_word' id='word_1_624' title='bbox 1317 1779 1406 1817; x_wconf 87' lang='lat' dir='ltr'>ipsum</span> <span class='ocrx_word' id='word_1_625' title='bbox 1434 1780 1605 1818; x_wconf 81' lang='lat' dir='ltr'>Episcopum</span> <span class='ocrx_word' id='word_1_626' title='bbox 1626 1799 1636 1813; x_wconf 90' lang='lat'>,</span> 
     </span>
     <span class='ocr_line' id='line_1_105' title="bbox 937 1818 1639 1860; baseline -0.004 -11"><span class='ocrx_word' id='word_1_627' title='bbox 937 1820 993 1857; x_wconf 73' lang='lat' dir='ltr'>vell</span> <span class='ocrx_word' id='word_1_628' title='bbox 1008 1819 1041 1849; x_wconf 86' lang='lat' dir='ltr'>ad</span> <span class='ocrx_word' id='word_1_629' title='bbox 1054 1819 1152 1848; x_wconf 87' lang='lat' dir='ltr'>Sedem</span> <span class='ocrx_word' id='word_1_630' title='bbox 1165 1818 1359 1858; x_wconf 80' lang='lat' dir='ltr'>Apostolicam</span> <span class='ocrx_word' id='word_1_631' title='bbox 1368 1821 1465 1860; x_wconf 72' lang='lat' dir='ltr'>pagin.</span> <span class='ocrx_word' id='word_1_632' title='bbox 1478 1822 1576 1856; x_wconf 66' lang='lat'>1349.</span> <span class='ocrx_word' id='word_1_633' title='bbox 1590 1821 1639 1847; x_wconf 72' lang='lat' dir='ltr'>Lx-</span> 
     </span>
     <span class='ocr_line' id='line_1_106' title="bbox 937 1870 1045 1890; baseline -0.009 0"><span class='ocrx_word' id='word_1_634' title='bbox 937 1870 1021 1890; x_wconf 78' lang='lat' dir='ltr'>cztum</span> <span class='ocrx_word' id='word_1_635' title='bbox 1036 1882 1045 1889; x_wconf 88' lang='lat'>.</span> 
     </span>
    </p>

    <p class='ocr_par' dir='ltr' id='par_1_44' title="bbox 930 1899 1641 2022">
     <span class='ocr_line' id='line_1_107' title="bbox 977 1899 1641 1940; baseline -0.005 -10"><span class='ocrx_word' id='word_1_636' title='bbox 977 1901 1107 1930; x_wconf 85' lang='lat' dir='ltr'>Vetitum</span> <span class='ocrx_word' id='word_1_637' title='bbox 1125 1912 1182 1930; x_wconf 88' lang='lat' dir='ltr'>non</span> <span class='ocrx_word' id='word_1_638' title='bbox 1193 1901 1231 1930; x_wconf 87' lang='lat' dir='ltr'>est</span> <span class='ocrx_word' id='word_1_639' title='bbox 1241 1902 1270 1930; x_wconf 91' lang='lat' dir='ltr'>in</span> <span class='ocrx_word' id='word_1_640' title='bbox 1282 1902 1339 1940; x_wconf 89' lang='lat' dir='ltr'>ipsa</span> <span class='ocrx_word' id='word_1_641' title='bbox 1349 1901 1454 1940; x_wconf 85' lang='lat' dir='ltr'>Synodi</span> <span class='ocrx_word' id='word_1_642' title='bbox 1469 1899 1641 1930; x_wconf 87' lang='lat' dir='ltr'>celebratio-</span> 
     </span>
     <span class='ocr_line' id='line_1_108' title="bbox 936 1940 1640 1982; baseline -0.004 -11"><span class='ocrx_word' id='word_1_643' title='bbox 936 1952 971 1971; x_wconf 89' lang='lat' dir='ltr'>ne</span> <span class='ocrx_word' id='word_1_644' title='bbox 994 1940 1088 1982; x_wconf 79' lang='lat' dir='ltr'>legum</span> <span class='ocrx_word' id='word_1_645' title='bbox 1105 1942 1286 1972; x_wconf 82' lang='lat' dir='ltr'>ferendarum</span> <span class='ocrx_word' id='word_1_646' title='bbox 1303 1951 1396 1980; x_wconf 79' lang='lat' dir='ltr'>petere</span> <span class='ocrx_word' id='word_1_647' title='bbox 1413 1941 1640 1982; x_wconf 73' lang='lat' dir='ltr'>moderationem</span> 
     </span>
     <span class='ocr_line' id='line_1_109' title="bbox 930 1985 1246 2022; baseline -0.003 -12"><span class='ocrx_word' id='word_1_648' title='bbox 930 1992 997 2022; x_wconf 78' lang='lat' dir='ltr'>pag.</span> <span class='ocrx_word' id='word_1_649' title='bbox 1010 1991 1076 2019; x_wconf 78' lang='lat'>134.</span> <span class='ocrx_word' id='word_1_650' title='bbox 1096 1987 1120 2016; x_wconf 64' lang='lat'>§-</span> <span class='ocrx_word' id='word_1_651' title='bbox 1137 1985 1225 2011; x_wconf 81' lang='lat' dir='ltr'>Immo</span> <span class='ocrx_word' id='word_1_652' title='bbox 1239 2004 1246 2012; x_wconf 88' lang='lat'>.</span> 
     </span>
    </p>

    <p class='ocr_par' dir='ltr' id='par_1_45' title="bbox 936 2021 1642 2091">
     <span class='ocr_line' id='line_1_110' title="bbox 979 2021 1642 2059; baseline -0.006 -7"><span class='ocrx_word' id='word_1_653' title='bbox 979 2022 1153 2052; x_wconf 85' lang='lat' dir='ltr'>Cavendum</span> <span class='ocrx_word' id='word_1_654' title='bbox 1167 2032 1262 2052; x_wconf 88' lang='lat' dir='ltr'>tamen</span> <span class='ocrx_word' id='word_1_655' title='bbox 1283 2043 1293 2059; x_wconf 88' lang='lat'>,</span> <span class='ocrx_word' id='word_1_656' title='bbox 1310 2033 1345 2052; x_wconf 91' lang='lat' dir='ltr'>ne</span> <span class='ocrx_word' id='word_1_657' title='bbox 1358 2022 1495 2052; x_wconf 79' lang='lat' dir='ltr'>tumultus</span> <span class='ocrx_word' id='word_1_658' title='bbox 1505 2021 1642 2050; x_wconf 84' lang='lat' dir='ltr'>excitetur</span> 
     </span>
     <span class='ocr_line' id='line_1_111' title="bbox 936 2063 1004 2091; baseline 0.015 -1"><span class='ocrx_word' id='word_1_659' title='bbox 936 2063 1004 2091; x_wconf 85' lang='lat' dir='ltr'>ibid.</span> 
     </span>
    </p>

    <p class='ocr_par' dir='ltr' id='par_1_46' title="bbox 982 2102 1462 2144">
     <span class='ocr_line' id='line_1_112' title="bbox 982 2102 1462 2144; baseline -0.002 -12"><span class='ocrx_word' id='word_1_660' title='bbox 982 2102 1104 2142; x_wconf 83' lang='lat' dir='ltr'>Reliqua</span> <span class='ocrx_word' id='word_1_661' title='bbox 1116 2103 1176 2132; x_wconf 88' lang='lat' dir='ltr'>vid.</span> <span class='ocrx_word' id='word_1_662' title='bbox 1193 2104 1273 2132; x_wconf 84' lang='lat' dir='ltr'>verb·</span> <span class='ocrx_word' id='word_1_663' title='bbox 1289 2104 1438 2144; x_wconf 73' lang='lat' dir='ltr'>Appellatio</span> <span class='ocrx_word' id='word_1_664' title='bbox 1454 2124 1462 2132; x_wconf 93' lang='lat'>.</span> 
     </span>
    </p>

    <p class='ocr_par' dir='ltr' id='par_1_47' title="bbox 903 2140 1642 2264">
     <span class='ocr_line' id='line_1_113' title="bbox 903 2140 1642 2179; baseline -0.005 -7"><span class='ocrx_word' id='word_1_665' title='bbox 903 2143 1097 2173; x_wconf 84' lang='lat' dir='ltr'>Consuetudo</span> <span class='ocrx_word' id='word_1_666' title='bbox 1122 2143 1328 2179; x_wconf 66' lang='lat' dir='ltr'>vetustissima,</span> <span class='ocrx_word' id='word_1_667' title='bbox 1356 2146 1384 2172; x_wconf 73' lang='lat'>8&lt;</span> <span class='ocrx_word' id='word_1_668' title='bbox 1407 2140 1642 2172; x_wconf 76' lang='lat' dir='ltr'>immemorabilis</span> 
     </span>
     <span class='ocr_line' id='line_1_114' title="bbox 937 2182 1640 2223; baseline -0.009 -9"><span class='ocrx_word' id='word_1_669' title='bbox 937 2183 977 2214; x_wconf 89' lang='lat' dir='ltr'>est</span> <span class='ocrx_word' id='word_1_670' title='bbox 988 2182 1122 2223; x_wconf 69' lang='lat' dir='ltr'>religiose</span> <span class='ocrx_word' id='word_1_671' title='bbox 1138 2184 1276 2214; x_wconf 88' lang='lat' dir='ltr'>servanda</span> <span class='ocrx_word' id='word_1_672' title='bbox 1288 2194 1353 2223; x_wconf 82' lang='lat' dir='ltr'>pag.</span> <span class='ocrx_word' id='word_1_673' title='bbox 1370 2193 1434 2220; x_wconf 88' lang='lat'>195.</span> <span class='ocrx_word' id='word_1_674' title='bbox 1453 2188 1478 2216; x_wconf 70' lang='lat'>55.</span> <span class='ocrx_word' id='word_1_675' title='bbox 1500 2184 1545 2209; x_wconf 82' lang='lat' dir='ltr'>De</span> <span class='ocrx_word' id='word_1_676' title='bbox 1561 2184 1586 2210; x_wconf 89' lang='lat' dir='ltr'>I.</span> <span class='ocrx_word' id='word_1_677' title='bbox 1598 2182 1640 2208; x_wconf 80' lang='lat' dir='ltr'>in-</span> 
     </span>
     <span class='ocr_line' id='line_1_115' title="bbox 937 2232 1061 2264; baseline -0.008 -11"><span class='ocrx_word' id='word_1_678' title='bbox 937 2232 1036 2264; x_wconf 77' lang='lat' dir='ltr'>quiunt</span> <span class='ocrx_word' id='word_1_679' title='bbox 1054 2245 1061 2252; x_wconf 90' lang='lat'>.</span> 
     </span>
    </p>

    <p class='ocr_par' dir='ltr' id='par_1_48' title="bbox 940 2257 1639 2345">
     <span class='ocr_line' id='line_1_116' title="bbox 978 2257 1639 2300; baseline -0.006 -8"><span class='ocrx_word' id='word_1_680' title='bbox 978 2262 1106 2293; x_wconf 69' lang='lat' dir='ltr'>Maxime</span> <span class='ocrx_word' id='word_1_681' title='bbox 1119 2274 1183 2293; x_wconf 87' lang='lat' dir='ltr'>cum</span> <span class='ocrx_word' id='word_1_682' title='bbox 1201 2263 1270 2293; x_wconf 92' lang='lat' dir='ltr'>nulli</span> <span class='ocrx_word' id='word_1_683' title='bbox 1286 2265 1355 2300; x_wconf 86' lang='lat' dir='ltr'>jutis</span> <span class='ocrx_word' id='word_1_684' title='bbox 1367 2261 1542 2300; x_wconf 84' lang='lat' dir='ltr'>dispositioni</span> <span class='ocrx_word' id='word_1_685' title='bbox 1554 2281 1565 2296; x_wconf 93' lang='lat'>‚</span> <span class='ocrx_word' id='word_1_686' title='bbox 1594 2257 1639 2289; x_wconf 79' lang='lat' dir='ltr'>vel</span> 
     </span>
     <span class='ocr_line' id='line_1_117' title="bbox 940 2303 1378 2345; baseline -0.007 -13"><span class='ocrx_word' id='word_1_687' title='bbox 940 2303 996 2345; x_wconf 81' lang='lat' dir='ltr'>legi</span> <span class='ocrx_word' id='word_1_688' title='bbox 1013 2305 1119 2343; x_wconf 69' lang='lat' dir='ltr'>scriptae</span> <span class='ocrx_word' id='word_1_689' title='bbox 1130 2304 1293 2333; x_wconf 81' lang='lat' dir='ltr'>adversatur</span> <span class='ocrx_word' id='word_1_690' title='bbox 1310 2304 1378 2330; x_wconf 78' lang='lat' dir='ltr'>ibid.</span> 
     </span>
    </p>

    <p class='ocr_par' dir='ltr' id='par_1_49' title="bbox 937 2340 1637 2414">
     <span class='ocr_line' id='line_1_118' title="bbox 980 2340 1637 2385; baseline -0.009 -11"><span class='ocrx_word' id='word_1_691' title='bbox 980 2348 1014 2374; x_wconf 90' lang='lat' dir='ltr'>Et</span> <span class='ocrx_word' id='word_1_692' title='bbox 1036 2354 1103 2374; x_wconf 88' lang='lat' dir='ltr'>cum</span> <span class='ocrx_word' id='word_1_693' title='bbox 1127 2345 1219 2385; x_wconf 83' lang='lat' dir='ltr'>agitur</span> <span class='ocrx_word' id='word_1_694' title='bbox 1239 2344 1273 2373; x_wconf 85' lang='lat' dir='ltr'>de</span> <span class='ocrx_word' id='word_1_695' title='bbox 1285 2353 1314 2372; x_wconf 94' lang='lat' dir='ltr'>re</span> <span class='ocrx_word' id='word_1_696' title='bbox 1330 2341 1445 2372; x_wconf 84' lang='lat' dir='ltr'>minimi</span> <span class='ocrx_word' id='word_1_697' title='bbox 1472 2340 1637 2369; x_wconf 86' lang='lat' dir='ltr'>momenti.</span> 
     </span>
     <span class='ocr_line' id='line_1_119' title="bbox 937 2383 1007 2414; baseline 0.043 -3"><span class='ocrx_word' id='word_1_698' title='bbox 937 2383 1007 2414; x_wconf 80' lang='lat' dir='ltr'>ibid.</span> 
     </span>
    </p>

    <p class='ocr_par' dir='ltr' id='par_1_50' title="bbox 979 2419 1642 2455">
     <span class='ocr_line' id='line_1_120' title="bbox 979 2419 1642 2455; baseline -0.005 -3"><span class='ocrx_word' id='word_1_699' title='bbox 979 2425 1074 2453; x_wconf 63' lang='lat' dir='ltr'>Imm&amp;</span> <span class='ocrx_word' id='word_1_700' title='bbox 1087 2424 1195 2454; x_wconf 82' lang='lat' dir='ltr'>etiamsi</span> <span class='ocrx_word' id='word_1_701' title='bbox 1214 2420 1452 2453; x_wconf 83' lang='lat' dir='ltr'>immemorabilis</span> <span class='ocrx_word' id='word_1_702' title='bbox 1468 2431 1525 2450; x_wconf 85' lang='lat' dir='ltr'>non</span> <span class='ocrx_word' id='word_1_703' title='bbox 1542 2420 1584 2455; x_wconf 83' lang='lat' dir='ltr'>sit,</span> <span class='ocrx_word' id='word_1_704' title='bbox 1597 2419 1642 2449; x_wconf 93' lang='lat' dir='ltr'>lo-</span> 
     </span>
    </p>

    <p class='ocr_par' dir='ltr' id='par_1_51' title="bbox 918 2461 1643 2532">
     <span class='ocr_line' id='line_1_121' title="bbox 918 2461 1643 2503; baseline -0.006 -11"><span class='ocrx_word' id='word_1_705' title='bbox 918 2476 920 2478; x_wconf 97' lang='lat'>·</span> <span class='ocrx_word' id='word_1_706' title='bbox 939 2472 1004 2492; x_wconf 88' lang='lat' dir='ltr'>cum</span> <span class='ocrx_word' id='word_1_707' title='bbox 1021 2473 1118 2493; x_wconf 86' lang='lat' dir='ltr'>tamen</span> <span class='ocrx_word' id='word_1_708' title='bbox 1135 2467 1247 2503; x_wconf 82' lang='lat' dir='ltr'>semper</span> <span class='ocrx_word' id='word_1_709' title='bbox 1271 2462 1320 2491; x_wconf 88' lang='lat' dir='ltr'>sibi</span> <span class='ocrx_word' id='word_1_710' title='bbox 1334 2462 1460 2491; x_wconf 88' lang='lat' dir='ltr'>vindicat</span> <span class='ocrx_word' id='word_1_711' title='bbox 1473 2462 1504 2491; x_wconf 89' lang='lat' dir='ltr'>in</span> <span class='ocrx_word' id='word_1_712' title='bbox 1526 2461 1643 2490; x_wconf 61' lang='lat' dir='ltr'>materia</span> 
     </span>
     <span class='ocr_line' id='line_1_122' title="bbox 949 2502 1207 2532; baseline 0.004 -1"><span class='ocrx_word' id='word_1_713' title='bbox 949 2502 1120 2532; x_wconf 73' lang='lat' dir='ltr'>eleffionum</span> <span class='ocrx_word' id='word_1_714' title='bbox 1138 2505 1207 2532; x_wconf 82' lang='lat' dir='ltr'>ibid.</span> 
     </span>
    </p>

    <p class='ocr_par' dir='ltr' id='par_1_52' title="bbox 908 2541 1644 2662">
     <span class='ocr_line' id='line_1_123' title="bbox 908 2541 1644 2581; baseline -0.004 -9"><span class='ocrx_word' id='word_1_715' title='bbox 908 2542 1130 2572; x_wconf 73' lang='lat' dir='ltr'>consuetudine</span> <span class='ocrx_word' id='word_1_716' title='bbox 1158 2542 1384 2572; x_wconf 84' lang='lat' dir='ltr'>immemorabili</span> <span class='ocrx_word' id='word_1_717' title='bbox 1414 2541 1585 2581; x_wconf 82' lang='lat' dir='ltr'>Episcopalis</span> <span class='ocrx_word' id='word_1_718' title='bbox 1601 2542 1644 2577; x_wconf 89' lang='lat' dir='ltr'>ju-</span> 
     </span>
     <span class='ocr_line' id='line_1_124' title="bbox 945 2582 1642 2622; baseline -0.006 -10"><span class='ocrx_word' id='word_1_719' title='bbox 945 2583 1074 2612; x_wconf 70' lang='lat' dir='ltr'>risdiffio</span> <span class='ocrx_word' id='word_1_720' title='bbox 1094 2583 1235 2621; x_wconf 80' lang='lat' dir='ltr'>praescribi</span> <span class='ocrx_word' id='word_1_721' title='bbox 1251 2582 1341 2621; x_wconf 86' lang='lat' dir='ltr'>potest</span> <span class='ocrx_word' id='word_1_722' title='bbox 1353 2592 1419 2622; x_wconf 82' lang='lat' dir='ltr'>pag.</span> <span class='ocrx_word' id='word_1_723' title='bbox 1439 2592 1504 2616; x_wconf 78' lang='lat'>195.</span> <span class='ocrx_word' id='word_1_724' title='bbox 1534 2587 1558 2616; x_wconf 66' lang='lat'>9.</span> <span class='ocrx_word' id='word_1_725' title='bbox 1579 2586 1642 2609; x_wconf 76' lang='lat' dir='ltr'>Am·</span> 
     </span>
     <span class='ocr_line' id='line_1_125' title="bbox 944 2623 1020 2662; baseline 0 -11"><span class='ocrx_word' id='word_1_726' title='bbox 944 2623 1003 2662; x_wconf 84' lang='lat' dir='ltr'>bigi</span> <span class='ocrx_word' id='word_1_727' title='bbox 1013 2644 1020 2651; x_wconf 93' lang='lat'>.</span> 
     </span>
    </p>

    <p class='ocr_par' dir='ltr' id='par_1_53' title="bbox 977 2663 1385 2703">
     <span class='ocr_line' id='line_1_126' title="bbox 977 2663 1385 2703; baseline 0 -11"><span class='ocrx_word' id='word_1_728' title='bbox 977 2667 1012 2692; x_wconf 89' lang='lat' dir='ltr'>Et</span> <span class='ocrx_word' id='word_1_729' title='bbox 1019 2663 1105 2692; x_wconf 82' lang='lat' dir='ltr'>etiam</span> <span class='ocrx_word' id='word_1_730' title='bbox 1118 2664 1180 2701; x_wconf 84' lang='lat' dir='ltr'>jura</span> <span class='ocrx_word' id='word_1_731' title='bbox 1194 2663 1301 2703; x_wconf 79' lang='lat' dir='ltr'>regalia</span> <span class='ocrx_word' id='word_1_732' title='bbox 1317 2663 1385 2692; x_wconf 84' lang='lat' dir='ltr'>ibid.</span> 
     </span>
    </p>

    <p class='ocr_par' dir='ltr' id='par_1_54' title="bbox 983 2703 1482 2736">
     <span class='ocr_line' id='line_1_127' title="bbox 983 2703 1482 2736; baseline -0.008 0"><span class='ocrx_word' id='word_1_733' title='bbox 983 2703 1076 2736; x_wconf 77' lang='lat' dir='ltr'>Etiam</span> <span class='ocrx_word' id='word_1_734' title='bbox 1085 2704 1216 2735; x_wconf 71' lang='lat' dir='ltr'>Decimae</span> <span class='ocrx_word' id='word_1_735' title='bbox 1224 2703 1405 2734; x_wconf 77' lang='lat' dir='ltr'>Parochiales</span> <span class='ocrx_word' id='word_1_736' title='bbox 1413 2703 1482 2733; x_wconf 71' lang='lat' dir='ltr'>ibid.</span> 
     </span>
    </p>

    <p class='ocr_par' dir='ltr' id='par_1_55' title="bbox 1231 2745 1638 2785">
     <span class='ocr_line' id='line_1_128' title="bbox 1231 2745 1638 2785; baseline -0.005 -10"><span class='ocrx_word' id='word_1_737' title='bbox 1231 2745 1261 2775; x_wconf 80' lang='lat' dir='ltr'>G</span> <span class='ocrx_word' id='word_1_738' title='bbox 1277 2755 1295 2785; x_wconf 86' lang='lat' dir='ltr'>g</span> <span class='ocrx_word' id='word_1_739' title='bbox 1318 2754 1334 2774; x_wconf 81' lang='grc' dir='ltr'>τ,</span> <span class='ocrx_word' id='word_1_740' title='bbox 1605 2746 1638 2770; x_wconf 57' lang='grc' dir='ltr'>’Ξῖ</span> 
     </span>
    </p>
   </div>
  </div>
 </body>
</html>
