2018 2952
539 177 608 212 138
1028 164 1234 215 &Augusti
1257 163 1370 211 1767.

532 233 644 261 mens
669 219 719 260 X.
736 246 747 264 ,
775 227 898 269 atque
913 217 1146 256 omnimoda
1164 218 1274 256 illius
1290 214 1496 265 dispositio
1523 218 1718 256 haftenus
1735 217 1849 257 stetit

530 285 654 322 penes
674 273 854 312 delestos
875 270 1110 317 Superiores
1128 295 1140 314 ‚
1158 282 1249 308 cum
1268 270 1395 307 libera
1411 268 1613 309 elefflone
1633 294 1645 313 ‚
1663 270 1701 309 8<
1719 282 1854 308 remo·-

533 328 647 365 tione
663 326 880 364 Lestorum
896 348 909 367 ,
923 322 1193 370 suppressione
1211 321 1510 360 Cathedrarum
1529 345 1541 364 ,
1557 334 1600 360 ac
1620 321 1851 368 praefinitio-

530 393 578 420 ne
594 377 882 427 stipendiorum
898 403 908 412 .
938 373 1040 413 Cum
1059 384 1196 414 autem
1228 373 1426 422 temporis
1457 372 1657 422 progressu
1690 383 1854 413 contra-—

530 434 627 470 here
645 428 796 468 necesse
814 426 937 465 fuerit
953 427 1135 466 nonnihil
1157 427 1244 465 aeris
1260 425 1402 469 alieni,
1417 425 1744 466 deliberaverant
1763 427 1849 475 pri-

529 495 642 522 mum
660 480 839 530 Collegii
858 479 1049 518 Rectores
1066 480 1114 518 ad
1130 479 1337 517 biennium
1355 478 1635 518 intermittere
1647 478 1851 516 Alumno—

531 548 621 575 rum
638 533 1027 572 manutentionem:
1058 539 1099 569 at
1118 531 1248 569 sanior
1275 530 1423 570 deinde
1439 529 1522 568 visa
1537 531 1590 568 est
1611 529 1847 569 sententia,

531 586 718 626 hodierni
737 584 829 623 Rmi
847 583 1049 631 Episcopi,
1066 592 1108 621 ut
1126 582 1299 621 retentis
1315 583 1506 621 Alumnis
1536 581 1854 621 imminueretur

531 649 723 677 numerus
744 664 753 681 ‚
787 637 824 675 Sc
850 636 1043 679 stipendia
1073 634 1294 674 Let‘torum
1322 664 1331 673 .
1362 634 1451 673 Hac
1477 635 1628 683 quippe
1653 635 1850 673 methodo

529 690 718 740 suggeslit
737 689 859 727 Rmus
875 688 1092 736 Episcopus
1109 687 1389 726 Fundatorum
1403 685 1665 726 voluntatem
1681 686 1850 732 servari,

529 744 567 782 Sc
584 742 779 782 excelsum
795 741 1056 789 expensarum
1079 740 1173 778 tolli
1190 738 1313 778 facile
1328 737 1433 787 poffe
1452 767 1461 776 .

476 794 752 845 Exequutioni
774 791 1003 838 hujusmodi
1032 791 1349 840 temperamenti
1384 790 1709 830 contradictores
1736 790 1848 830 sest>

527 847 795 886 exhibuerunt
823 841 1311 883 nonnulliUniversitatis
1330 841 1597 889 Professores,
1635 842 1776 881 habito
1805 841 1855 881 ad

528 901 631 937 hanc
672 898 836 937 Sacram
855 896 1224 945 Congregationem
1256 896 1422 934 recursu
1458 906 1467 931 :
1513 895 1751 946 Auditoque
1781 906 1853 942 pro

527 963 642 989 more
659 951 854 999 Episcopo
872 974 884 994 ‚
900 949 1057 998 placuit
1075 960 1159 987 rem
1176 957 1308 987 totam
1322 946 1507 987 dividere
1525 948 1565 987 in
1583 957 1755 999 quatuor
1771 947 1846 985 du-

527 1004 592 1041 bia
611 1003 658 1041 ad
676 1003 837 1041 calcem
856 1001 1099 1049 transcripta
1115 1030 1125 1039 .

474 1055 540 1095 ,Ad
557 1055 734 1102 primum
749 1057 861 1098 ajunt
879 1053 1072 1092 Lee‘tores
1091 1076 1104 1096 ‚
1135 1064 1291 1092 morem
1309 1051 1387 1092 esse
1416 1052 1460 1091 in
1481 1052 1574 1091 aliis
1592 1050 1851 1091 Univerfita·

527 1108 635 1146 tibus
654 1132 667 1152 ,
696 1116 740 1145 ut
756 1105 994 1156 ssipendium
1013 1104 1052 1143 in
1069 1104 1157 1145 dies
1176 1103 1464 1145 Profefforibus
1489 1114 1688 1154 augeatur
1705 1117 1719 1144 2·
1750 1104 1850 1142 dum

525 1159 701 1198 maxime
721 1170 784 1198 res
812 1160 866 1198 est
893 1157 943 1197 de
966 1157 1208 1197 Lestoribus
1235 1182 1249 1201 ‚
1281 1158 1348 1208 qui
1369 1158 1568 1197 exercitio
1585 1157 1766 1196 muneris
1796 1156 1848 1195 ad

525 1213 663 1262 plures
678 1223 801 1250 annos
820 1210 1016 1257 protracti
1034 1235 1047 1255 ,
1076 1210 1256 1257 aptiores
1271 1211 1319 1248 ad
1334 1210 1565 1249 docendum
1596 1209 1802 1248 evaserint
1830 1237 1842 1248 .

524 1265 591 1303 Ab
609 1263 804 1314 aequitate
822 1262 978 1302 idcireo
1012 1261 1208 1302 recedere
1224 1263 1435 1302 confilium
1454 1260 1727 1301 imminuendi
1745 1261 1850 1299 sala·

527 1316 586 1354 ria
604 1345 614 1355 .
645 1315 880 1354 Arbitrium
897 1315 936 1354 in
951 1314 1157 1354 eree'tione
1172 1313 1403 1354 concessum
1421 1316 1470 1353 de
1487 1313 1723 1354 Le&oribiis
1753 1324 1849 1352 cum

527 1379 710 1417 congruo
723 1367 922 1415 stipendio
952 1367 1215 1414 providendis
1230 1393 1242 1412 ‚
1269 1368 1351 1412 jam
1381 1366 1494 1405 fuisse
1525 1378 1595 1414 per
1625 1365 1852 1405 eleuf'tiones

529 1421 579 1459 de
601 1420 687 1467 ipfis
708 1419 831 1458 fad'tas
862 1419 1151 1467 consumptum
1166 1447 1176 1456 .
1208 1418 1719 1468 Stipendiiresecationem
1734 1429 1858 1466 repu-

531 1484 658 1522 gnare
691 1471 822 1510 literae
840 1469 1104 1508 Fundationis
1121 1471 1395 1520 praecipientis
1421 1470 1730 1520 affignationem
1764 1482 1858 1510 con·-

529 1535 685 1574 gruam.
707 1522 965 1572 Stipendium
981 1521 1103 1560 initio
1118 1523 1382 1564 constitutum
1398 1531 1524 1564 tenue
1541 1521 1763 1572 effe,atque
1780 1521 1856 1560 im-

527 1588 597 1625 par
617 1575 849 1614 conditioni
873 1574 1133 1623 personarum
1153 1595 1167 1618 ,
1196 1575 1305 1614 inter
1324 1587 1420 1624 quas
1448 1583 1689 1614 numeratur
1702 1575 1857 1614 Hiero-

529 1640 678 1675 nymus
697 1625 933 1677 Borgogelli
950 1649 964 1669 ‚
999 1625 1102 1675 quia
1121 1625 1418 1665 Fundatoribus
1446 1626 1555 1664 inter
1572 1625 1674 1664 alios
1703 1626 1857 1665 dicitur

531 1680 861 1725 contemplatus:
892 1676 971 1716 Ubi
992 1685 1133 1716 autem
1149 1676 1396 1717 conveniens
1411 1678 1626 1716 haberetur
1646 1677 1855 1727 quantitas

530 1732 726 1770 haste-nus
743 1731 909 1779 praestita
924 1755 939 1777 ‚
968 1728 1139 1768 subdunt
1157 1753 1171 1773 ‚
1201 1742 1281 1770 non
1294 1727 1403 1779 posse
1418 1740 1526 1786 nune
1552 1727 1600 1768 ad
1619 1728 1854 1780 incongrui-

531 1792 664 1822 tatem
683 1783 822 1821 reduci
843 1811 854 1822 .

478 1837 570 1876 Nec
591 1834 885 1874 attendendam
901 1832 981 1873 effe
997 1831 1242 1872 facultatem
1263 1833 1552 1883 amplissimam
1571 1834 1852 1884 Superioribus

533 1886 758 1926 concessam
774 1910 786 1930 ‚
815 1887 908 1938 quia
926 1888 1010 1924 haec
1029 1886 1078 1924 ad
1094 1885 1224 1934 Leges
1247 1898 1374 1925 novas
1390 1886 1622 1926 condendas
1647 1886 1743 1926 data
1764 1888 1812 1926 fit
1840 1912 1855 1932 ,

526 1953 608 1979 non
628 1940 676 1978 ad
693 1939 976 1978 destruendam
993 1937 1181 1987 stipendii
1197 1939 1528 1988 congruitatems
1556 1939 1734 1978 maxime
1755 1939 1853 1989 quia

531 1995 610 2031 hoc
629 1992 667 2030 in
682 1991 875 2030 damnum
891 1990 1197 2035 Univerlitatis‚
1213 1991 1251 2030 ὃς
1266 1991 1502 2030 Studiorum
1520 1991 1674 2031 rediret
1688 2021 1697 2031 .
1716 1991 1855 2041 Nego-

530 2045 638 2082 tium
654 2057 726 2082 nec
739 2044 869 2082 etiam
885 2040 1072 2083 facessere
1084 2042 1264 2088 ejusdem
1277 2043 1458 2093 Collegii
1476 2044 1741 2093 inopiam‚vel
1761 2044 1853 2094 quia

528 2108 609 2135 non
637 2097 806 2135 subfistat
822 2121 835 2141 ‚
871 2094 978 2147 quod
1007 2095 1045 2134 δε
1074 2094 1143 2144 ipsi
1170 2095 1407 2142 Superiores
1441 2096 1548 2135 {asto
1579 2097 1648 2135 suo
1672 2096 1854 2136 declara-

531 2157 628 2188 runt
644 2172 656 2192 a
675 2148 739 2188 vel
759 2148 854 2198 quia
871 2149 910 2187 ei
925 2148 1086 2188 causam
1100 2146 1299 2188 dedissent
1314 2149 1492 2198 expensae
1507 2161 1585 2187 non
1601 2146 1823 2188 neceffariae
1837 2172 1853 2193 ,

528 2202 597 2240 vel
616 2201 782 2241 demum
801 2200 895 2251 quia
913 2200 1004 2240 aliis
1024 2199 1156 2239 modis
1171 2200 1318 2249 poffint
1332 2201 1482 2246 averti,
1502 2213 1580 2240 non
1591 2200 1851 2240 admittendo

531 2262 675 2293 contra
717 2261 901 2292 mentem
944 2252 1221 2292 Fundatorum
1247 2253 1423 2302 Juvenes
1454 2252 1712 2292 Dioecesanos
1746 2278 1759 2298 ‚
1787 2262 1852 2292 at-

532 2318 611 2356 que
651 2314 812 2344 exteros
856 2305 1057 2345 civilitati
1094 2304 1288 2344 Dioecefis
1322 2313 1560 2358 aggregatos
1591 2329 1606 2350 ,
1647 2313 1719 2344 aut
1759 2306 1850 2355 sup-

527 2357 666 2406 preffis
684 2357 904 2398 Cathedris
920 2357 1004 2398 illis
1021 2383 1034 2405 ‚
1047 2368 1216 2408 quarum
1230 2369 1311 2399 non
1324 2365 1495 2402 habetur
1513 2356 1673 2396 mentio
1691 2357 1733 2397 in
1754 2366 1848 2398 ere-

530 2410 666 2450 &ione
686 2440 695 2450 .

480 2463 749 2503 Praemittunt
766 2462 815 2503 ad
833 2462 885 2502 11.
903 2488 917 2509 ‚
945 2463 985 2502 se
1000 2474 1071 2513 pro
1085 2461 1302 2503 Cathedris
1320 2465 1482 2499 tantum
1501 2460 1713 2513 utriusque
1744 2461 1850 2512 Juris

531 2515 747 2556 decertare
768 2546 778 2554 .
809 2515 966 2555 Dicunt
984 2540 996 2560 ‚
1018 2516 1132 2554 illam
1150 2515 1359 2554 Ordinariae
1381 2513 1652 2562 praescriptam
1681 2513 1796 2553 suiffe
1824 2525 1848 2552 a

531 2565 763 2607 Fundatore
778 2592 791 2611 ‚
824 2568 1006 2617 agnitam
1032 2568 1072 2607 in
1087 2567 1269 2615 precibus
1288 2564 1456 2604 Summo
1473 2565 1663 2620 Pontifici
1682 2564 1730 2621 ³5¹
1745 2565 1850 2604 obti-

531 2617 709 2657 nendum
728 2619 1018 2660 Univerfitatis
1032 2617 1296 2670 privilegium
1311 2619 1506 2664 porret‘hs
1526 2644 1541 2663 ‚
1567 2618 1790 2668 repetitam
1806 2616 1847 2656 in

532 2668 774 2717 Diplomate
792 2673 838 2710 ab
857 2672 1108 2721 Imperatore
1127 2669 1275 2709 Carolo
1290 2667 1363 2708 VI.
1392 2668 1574 2720 Collegii
1588 2670 1730 2711 favore
1747 2681 1847 2711 con-

530 2720 653 2767 ceffo,
669 2723 928 2764 enunciatam
943 2724 1117 2775 denique
1127 2722 1272 2766 ‚haberi
1288 2721 1329 2763 in
1347 2723 1497 2765 unione
1510 2721 1763 2765 Parochialis
1777 2721 1853 2813 Ele-

1765 2786 1786 2814 c
1808 2786 1851 2814 e-=
