2018 2952
519 168 549 202 6
916 174 978 210 ²4-
999 160 1186 212 &tannarii
1203 165 1324 209 1767.
1353 169 1358 173 '
1860 211 1863 213 ,

515 214 595 253 diei
616 218 648 252 8.
667 211 834 262 Augusti
858 220 972 259 1761.
1005 217 1198 260 proporita
1219 217 1384 253 fuerunt
1402 212 1543 258 dubia:
1573 215 1599 253 l.
1629 216 1697 252 An
1712 216 1824 252 Cano-
1857 228 1861 233 ·

515 269 595 303 niet·
605 267 639 302 S
641 268 732 302 amit
748 266 902 303 Nicolai
926 267 1075 312 fuerint
1093 293 1105 311 ,
1138 271 1215 310 ,φ
1185 268 1217 314 s
1219 277 1257 303 nt
1282 270 1447 304 immunes
1481 268 1522 302 ab
1555 268 1826 317 applicat-zonQ

515 319 638 367 szſjae
658 318 908 357 conventualis
927 343 939 362 ‚
961 323 1002 362 J·
1019 322 1192 367 quatenus
1207 315 1352 367 Negoti
1356 333 1428 358 ve.
1463 319 1508 357 II.
1526 324 1589 356 An
1597 322 1629 368 s
1631 331 1646 357 t
1658 320 1752 357 locui·
1769 331 1828 355 re-

519 372 678 407 duffloni
694 374 809 409 oneris
838 371 1082 420 applicationis
1116 369 1272 421 ejsddem
1300 368 1420 418 Miffae
1448 365 1497 419 ad
1524 373 1598 410 dies
1625 374 1827 409 Dominicox

521 423 840 469 tantum‚incasu
854 426 929 466 &a
952 437 1008 463 ε,-
1040 423 1319 468 &responsum
1337 422 1418 462 fuit
1447 436 1474 456 =
1502 423 1578 465 Ad
1605 424 1635 461 l.
1665 425 1832 471 Negati-

518 487 590 516 νε,
622 475 853 523 &araphan
881 477 958 512 Ad
991 478 1039 514 11.
1066 478 1232 525 Negatic
1236 489 1261 512 ·e
1289 490 1315 512 ε.-
1345 474 1576 527 Videndum
1605 468 1657 512 ¹est
1683 476 1830 522 folium

528 525 640 564 illius
658 526 767 566 diei.

472 574 565 616 Non
581 578 875 636 acquieverunt
901 578 1096 618 Canonici
1121 579 1363 618 resolutioni
1382 578 1709 630 secundiDubii.
1740 577 1828 617 Νο-

513 642 565 669 νο
584 631 708 681 igitur
726 631 907 669 exhibito
925 631 1139 671 decennali
1163 632 1395 681 reddituum
1411 619 1720 672 Canonicalium
1743 625 1827 667 cal-

516 684 609 721 culo
626 682 775 721 iterum
800 683 920 721 modo
937 677 1137 731 postulant
1155 708 1168 727 ‚
1198 693 1239 721 ut
1259 680 1308 721 ob
1324 674 1490 722 nimiam
1510 684 1675 721 illorum
1695 681 1827 719 modi-

513 735 685 773 citatem
714 734 762 773 ad
781 734 866 773 dies
897 744 1057 774 tantum
1090 735 1329 773 Dominicos
1362 736 1577 775 reducatur
1606 729 1829 784 applicatio

511 784 637 824 Missae
658 786 980 827 Conventualis.
1013 788 1204 846 Inquiunt
1223 788 1331 826 euim
1347 813 1358 832 ,
1377 789 1660 827 Fundatoiem
1667 785 1828 834 singulis

512 836 712 887 affignaffe
731 850 858 878 annua
874 841 985 878 scuta
1002 840 1199 890 triginta:
1231 840 1334 886 ipsos
1354 850 1490 879 autem
1525 851 1570 878 ex
1591 839 1700 879 illius
1717 837 1830 875 bonis

511 890 578 928 vix
595 902 725 928 annua
739 892 851 929 scuta
871 892 1141 930 novendecim
1161 918 1172 935 ‚
1203 893 1239 930 Sc
1257 904 1302 930 ex
1324 893 1472 941 legatis
1489 893 1616 939 postea
1632 889 1825 937 Capitulo

512 941 665 982 relic‘tis
681 943 888 990 percipere
903 943 982 987 alia
1003 955 1131 1000 annua
1149 942 1258 994 scuta
1276 957 1469 994 quinque,
1488 945 1524 983 &
1539 944 1679 981 obulos
1693 954 1717 979 o
1723 943 1828 979 ‘rua-

510 993 925 1043 gintaseptem‚atque
943 995 999 1033 ita
1014 994 1051 1032 iu
1069 1004 1207 1033 totum
1226 997 1343 1033 haber
1350 1009 1370 1034 e
1387 1008 1514 1034 annua
1531 995 1641 1033 scuta
1660 992 1830 1042 viginti-

510 1050 692 1096 quatuor
709 1070 721 1089 ‚
751 1047 789 1086 Sc
805 1047 946 1085 obulos
966 1047 1180 1104 nonaginta
1200 1072 1211 1089 ‚
1230 1047 1266 1086 &-
1283 1048 1434 1085 nonnifi
1451 1049 1530 1096 post
1549 1058 1696 1085 annum
1716 1056 1827 1090 1791.

513 1109 614 1146 quo
609 1097 695 1136 fieri
726 1106 886 1137 tantum
906 1100 1063 1147 poterit
1093 1100 1289 1138 extint‘tio
1308 1099 1595 1146 paffivicensus
1623 1099 1722 1143 scut.
1741 1110 1829 1143 700·

513 1142 717 1198 impositi
708 1162 746 1188 ιη
765 1146 926 1189 causam
955 1151 1187 1202 sumptuum
1219 1152 1434 1191 erectionis
1451 1149 1688 1199 Collegiatae
1706 1175 1718 1193 ,
1749 1161 1823 1186 re)

514 1200 628 1239 ditus
646 1201 925 1241 Canonicatus
957 1212 1226 1251 perventuros
1243 1201 1321 1242 esse
1348 1203 1396 1241 ad
1412 1216 1541 1241 annua
1560 1205 1668 1240 icuta
1690 1215 1749 1248 29.
1769 1205 1827 1239 28

513 1251 665 1290 Patere
680 1255 757 1292 haec
776 1254 913 1293 omnia
931 1267 978 1293 ex
994 1257 1209 1294 decennali
1227 1257 1388 1294 calculo
1407 1268 1475 1303 per
1495 1254 1650 1293 Peritos
1670 1266 1690 1291 a
1709 1253 1830 1300 Vica-

510 1304 572 1346 rio
585 1305 784 1350 Capituli
798 1307 952 1345 electos
969 1317 1157 1347 exarato:
1187 1307 1363 1349 Attenta
1384 1308 1536 1345 idcirco
1553 1315 1665 1344 tanta
1695 1297 1832 1343 reddi·-

510 1365 627 1394 tuum
648 1358 856 1397 tenuitate
885 1359 933 1397 ad
951 1372 1167 1408 congruam
1194 1361 1441 1415 singulorum
1469 1356 1830 1403 substentationem

510 1420 590 1446 non
609 1417 703 1455 apta
719 1432 732 1452 ‚
767 1422 813 1448 ac
834 1410 1053 1450 imminuto
1068 1424 1198 1450 annuo
1218 1425 1257 1457 re
1274 1412 1359 1450 ditu
1379 1423 1526 1464 cuique
1548 1422 1591 1447 ex
1611 1408 1826 1455 Presbyte-

510 1458 564 1496 ris
589 1472 611 1496 a
643 1459 872 1499 Fundatore
898 1462 1124 1508 affignmo,
1157 1463 1290 1501 locum
1326 1462 1401 1501 effe
1430 1463 1574 1500 debere
1603 1460 1827 1511 reduihoni

510 1510 797 1566 applicationis
816 1490 1252 1552 Miffae0011ve1itualis
1281 1523 1367 1551 tum
1398 1525 1442 1552 ex
1477 1514 1597 1550 litera
1628 1512 1832 1560 Constitu·

509 1561 636 1600 tionis
669 1561 749 1600 san.
767 1574 890 1600 mem.
907 1562 1117 1599 Benediffl
1151 1562 1263 1599 XIV.
1296 1563 1484 1607 incipien.
1518 1564 1641 1610 Ouum
1659 1564 1830 1610 semper.

515 1626 575 1658 19.
589 1612 750 1661 Augusti
779 1624 891 1659 1754.
909 1634 931 1655 ‚
951 1621 1038 1650 tum
1059 1624 1102 1650 ex
1120 1612 1270 1650 assueta
1303 1613 1386 1650 Sac.
1406 1611 1743 1661 Congregationis
1764 1618 1829 1651 be-

512 1663 748 1711 nignitate,
778 1662 820 1701 ut
850 1663 1091 1701 111As1erma
1127 1677 1186 1702 12
1205 1666 1342 1702 Martii
1361 1668 1472 1711 1746.
1490 1688 1503 1708 ,
1533 1665 1597 1703 3<
1590 1677 1628 1703 in
1659 1666 1746 1702 Cerz
1755 1669 1825 1705 ien.

520 1727 579 1760 17.
583 1717 806 1764 Septembris
827 1728 939 1761 1757.

460 1764 642 1822 Eamque
661 1778 710 1804 eo
729 1765 919 1805 libentius
946 1767 1037 1812 ipsis
1049 1769 1163 1812 ajunt
1195 1767 1481 1817 indulgendam
1498 1793 1511 1813 ‚
1538 1768 1630 1819 quia
1650 1768 1829 1809 innume-

510 1828 564 1856 τις
585 1817 677 1854 aliis
696 1815 882 1855 oneribus
898 1827 1114 1866 gravantur
1131 1834 1146 1859 ,-
1177 1828 1369 1858 tenentur
1386 1820 1494 1858 enim
1525 1820 1707 1869 quotidie
1730 1821 1829 1859 Mii-

510 1869 591 1908 sam
609 1867 935 1907 Conventualem
954 1881 1126 1918 canere,
1165 1871 1202 1910 ὃς
1219 1872 1458 1921 quandoque
1478 1872 1602 1911 etiam
1621 1873 1780 1920 pluxes
1768 1886 1828 1918 Ju-

508 1928 578 1959 xta
605 1918 773 1958 Miffalis
789 1919 1028 1959 Rubricarn:
1058 1896 1167 1961 bin’as
1202 1921 1340 1960 Miffas
1372 1922 1499 1961 lec‘tas
1528 1935 1617 1961 cum
1649 1926 1825 1962 maximo

510 1971 776 2010 incommodo
791 1997 804 2015 ,
823 1972 995 2010 alteram
1024 1974 1208 2012 diluculo
1227 2000 1240 2018 ‚
1272 1975 1308 2012 in
1325 1976 1540 2022 meridiem
1558 1976 1732 2014 alteram
1758 1989 1826 2015 ce-

509 2023 665 2073 lebrare
687 2046 700 2067 ‚
731 2024 767 2061 8<
787 2023 897 2062 exiis
926 2035 1044 2062 unam
1063 2026 1248 2076 quotidie
1266 2018 1499 2074 applicare:
1531 2027 1683 2074 Archip
1689 2031 1828 2075 resby—

511 2075 604 2120 tero
636 2086 673 2111 in
692 2073 820 2113 Missis
849 2075 1123 2120 solemnibus,
1154 2078 1191 2117 ὅ(
1225 2078 1413 2125 Vesperis
1431 2078 1622 2116 assisterze
1651 2078 1826 2117 Concio—

512 2127 627 2164 nibus
653 2135 737 2164 tam
771 2126 809 2164 in
830 2127 1051 2172 Adventu,
1085 2141 1203 2179 quam
1231 2130 1269 2168 in
1299 2129 1615 2179 Quadragesima
1648 2130 1734 2169 fieri
1766 2132 1827 2169 so—

514 2178 603 2217 litis
646 2177 857 2216 interesse:
887 2178 933 2216 ad
966 2178 1235 2220 Proceffiones
1266 2187 1349 2219 tam
1369 2182 1589 2220 ordinarias
1619 2205 1632 2225 ‚
1679 2193 1823 2231 quarm,

515 2229 854 2268 extraordinarias
891 2231 1112 2270 accedere.
1143 2233 1313 2280 propriis
1330 2235 1550 2280 sumptibus
1570 2233 1825 2271 solemnete-

505 2282 605 2321 stum
623 2281 661 2318 S.
678 2280 866 2329 sylvestri
887 2308 899 2326 ‚
936 2283 974 2321 8<
993 2279 1288 2323 Translationis
1314 2284 1446 2323 Alme
1478 2285 1633 2323 Domus
1661 2285 1813 2323 Laure-

510 2341 614 2389 tauae
629 2335 834 2372 celebrare
850 2357 863 2385 ².
891 2334 1050 2385 aliaque
1068 2337 1183 2389 plura.
1200 2336 1329 2391 subire
1347 2336 1499 2388 munia,
1521 2349 1606 2386 quae
1627 2337 1816 2386 leguntur

512 2383 552 2423 in
570 2384 850 2424 Fundatione.

462 2436 651 2486 Iniquum
680 2433 893 2484 propterea
923 2437 1174 2486 summopere
1208 2438 1336 2478 videri
1363 2464 1375 2484 ‚
1408 2448 1453 2477 ut
1481 2439 1576 2477 dum
1609 2440 1709 2479 adeo
1738 2441 1823 2478 exi-

514 2498 614 2537 guos
637 2500 680 2525 re
697 2489 807 2527 ditus
822 2490 972 2527 habent
989 2514 1002 2534 ‚
1031 2502 1103 2529 nec
1121 2491 1340 2541 quantitati
1368 2503 1389 2529 a
1407 2491 1635 2530 Fundatoie
1650 2492 1821 2540 praelcri·

511 2548 589 2587 ptae
606 2564 617 2585 ,
646 2551 718 2579 nec
738 2551 920 2589 congruae
957 2542 1146 2593 cujusque
1179 2542 1479 2581 substentationi
1500 2543 1784 2590 respondentes
1801 2568 1815 2587 ‚

511 2599 728 2629 tencantur
748 2592 882 2631 ultra
874 2604 1082 2632 innumera
1100 2618 1112 2638 ,
1149 2594 1287 2641 quibus
1318 2603 1534 2642 gravantur
1548 2618 1560 2636 ‚
1591 2607 1707 2633 onera
1727 2620 1739 2639 ‚
1768 2596 1815 2634 ad

514 2642 794 2699 quotidianam
819 2644 945 2683 etiam
989 2642 1115 2683 Missae
1146 2644 1437 2686 conventualis
1467 2647 1814 2698 applicationem,

1767 2710 1817 2736 ne
