1986 2957
551 121 622 154 208
967 124 1026 149 αι.
1043 108 1270 149 Novembris
1292 111 1402 154 1767.

544 168 722 206 contraire
737 176 764 200 =
782 161 934 203 Eadem
956 163 1085 205 rursus
1104 161 1238 200 eidem
1257 159 1439 201 rescribit
1453 169 1568 208 cap.4.
1589 162 1728 199 comit.
1741 158 1860 198 ’Hinc

543 219 670 258 etiam
688 214 923 257 Concilium
938 214 1232 253 Tridentinum
1262 211 1400 259 paffim
1431 212 1596 252 mandat
1616 212 1825 261 Episcopis
1839 235 1855 255 ‚

543 279 589 311 ut
609 271 645 308 in
665 266 842 316 negotiis
864 267 1044 305 Eccleiiae
1073 264 1314 305 definiendis
1340 264 1572 303 consensum
1606 264 1825 303 adhibeant
1841 288 1858 309 ,

541 324 610 362 vel
627 319 838 359 confilium
854 317 1065 365 Capituli‚·
1095 328 1264 364 eamque
1281 316 1331 355 ob
1350 315 1602 364 causamseffl
1623 330 1684 358 22.
1700 324 1774 364 cap.
1795 329 1855 354 12.

541 374 587 412 de
601 373 764 420 Reform.
779 379 927 409 caetum
942 370 1239 409 Canonicorum
1259 367 1411 410 merito
1430 368 1564 407 vocari
1579 366 1682 415 posse
1701 368 1760 410 ait
1779 367 1852 407 Ec-

544 426 670 464 clefiae
691 424 886 462 Senatum
905 450 915 460 .

491 474 604 516 Hinc
620 477 745 515 etiam
760 487 837 524 prae
852 474 980 512 oculis
997 475 1141 512 habere
1161 474 1311 521 praestat
1327 471 1617 511 Cathedralem
1634 471 1855 511 Ecciefiam

542 528 619 568 esse
636 528 804 570 minime
822 525 925 568 poffse
941 527 1017 564 fine
1032 525 1231 571 Capitulo
1248 532 1445 572 perpetuo
1471 524 1507 565 in
1527 524 1668 566 eadem
1683 522 1862 563 refiden-

541 589 589 620 te
603 609 612 619 .
645 580 707 618 Ad
726 578 965 626 Capitulum
986 579 1084 615 verb
1099 576 1424 615 constituendum
1454 585 1536 621 tres
1564 576 1712 615 saltem
1731 575 1855 623 Capi-

543 632 700 671 tulares
718 631 865 681 requiri
882 631 952 678 leg.
971 631 1153 667 Neratius
1164 627 1206 676 ff:
1226 630 1271 665 de
1287 631 1335 667 V.
1351 628 1395 669 S.
1412 652 1425 672 ‚
1445 628 1548 676 gloffi
1576 630 1616 665 in
1632 628 1745 666 Clem.
1763 629 1858 678 quod

544 687 644 723 circa
659 686 704 721 de
718 683 814 721 cleti.
830 708 842 726 ,
856 684 1007 720 Navar.
1022 682 1091 729 leg.
1105 695 1135 719 1.
1151 681 1282 728 confi&
1301 693 1395 719 num.
1406 694 1436 718 1.
1456 681 1501 718 de
1517 681 1614 721 elefl.
1647 678 1756 718 Fieri
1778 679 1858 728 igi·—

543 745 612 775 tur
627 735 769 786 nequit
785 760 798 779 ,
828 733 929 777 utin
946 732 1186 772 Cathedrali
1218 732 1391 774 Ecclesia
1411 731 1650 780 Capitulum
1679 730 1854 771 residere

543 789 755 828 censeatur
771 810 785 829 ‚
812 787 881 824 nisi
896 793 977 824 tres
992 785 1135 824 saltem
1154 793 1351 831 perpetuo
1381 784 1420 825 in
1452 795 1497 823 ea
1514 783 1708 827 resideant
1728 782 1854 832 Capi-

544 841 727 883 tulare3‚
752 838 819 887 qui
836 838 969 884 praesto
992 837 1066 875 fint
1082 836 1258 885 negotiis
1288 835 1567 884 capitulariter
1601 835 1857 882 pertratstan-

547 892 636 936 dis,
653 891 859 931 interdum
874 889 1002 928 etiam
1026 888 1244 928 subitaneis
1262 913 1276 935 ‚
1307 889 1344 927 8(
1377 900 1457 938 qua:
1475 888 1629 932 nullam
1647 887 1847 936 temporis

545 955 702 983 moram
717 950 921 991 patiantur
933 969 942 980 .

493 996 573 1038 His
592 995 728 1045 itaque
743 993 846 1033 serio
864 992 1060 1043 perpensis
1076 1015 1089 1036 ‚
1105 992 1374 1042 dignabuntur
1390 991 1466 1036 ΕΕ,
1484 991 1561 1035 FP,
1577 991 1692 1031 suum
1709 990 1851 1041 prode-

550 1060 591 1086 re
608 1045 805 1092 judicium
822 1074 831 1086 .

499 1102 568 1141 ..An
583 1099 829 1150 consulendum
831 1098 880 1149 fit
896 1099 1016 1139 SSn‘m
1027 1105 1090 1148 pro
1108 1097 1346 1143 moderatione
1358 1096 1571 1146 Refidentiae
1584 1100 1621 1136 in
1638 1097 1721 1147 casu
1737 1097 1814 1144 &a

1743 2666 1820 2704 Die
1840 2705 1843 2709 ,
